received_at_local,symbol,quote_timestamp,bid_price,ask_price,bid_size,ask_size
2026-03-05T21:19:14.910592,SPY,2026-03-05 21:00:04.598118+00:00,661.61,0.0,40.0,0.0
2026-03-05T21:19:14.910592,QQQ,2026-03-05 21:57:21.093513+00:00,607.9,608.0,80.0,280.0
2026-03-05T21:19:14.910592,TSLA,2026-03-05 21:00:01.039844+00:00,216.78,0.0,80.0,0.0
2026-03-05T21:19:45.007946,SPY,2026-03-05 21:00:04.598118+00:00,661.61,0.0,40.0,0.0
2026-03-05T21:19:45.007946,QQQ,2026-03-05 21:57:21.093513+00:00,607.9,608.0,80.0,280.0
2026-03-05T21:19:45.007946,TSLA,2026-03-05 21:00:01.039844+00:00,216.78,0.0,80.0,0.0
2026-03-05T21:20:15.113444,SPY,2026-03-05 21:00:04.598118+00:00,661.61,0.0,40.0,0.0
2026-03-05T21:20:15.113444,QQQ,2026-03-05 21:57:21.093513+00:00,607.9,608.0,80.0,280.0
2026-03-05T21:20:15.113444,TSLA,2026-03-05 21:00:01.039844+00:00,216.78,0.0,80.0,0.0
2026-03-05T21:20:45.215895,SPY,2026-03-05 21:00:04.598118+00:00,661.61,0.0,40.0,0.0
2026-03-05T21:20:45.217045,QQQ,2026-03-05 21:57:21.093513+00:00,607.9,608.0,80.0,280.0
2026-03-05T21:20:45.217045,TSLA,2026-03-05 21:00:01.039844+00:00,216.78,0.0,80.0,0.0
2026-03-05T21:21:15.305910,SPY,2026-03-05 21:00:04.598118+00:00,661.61,0.0,40.0,0.0
2026-03-05T21:21:15.305910,QQQ,2026-03-05 21:57:21.093513+00:00,607.9,608.0,80.0,280.0
2026-03-05T21:21:15.305910,TSLA,2026-03-05 21:00:01.039844+00:00,216.78,0.0,80.0,0.0
2026-03-05T21:21:45.423133,SPY,2026-03-05 21:00:04.598118+00:00,661.61,0.0,40.0,0.0
2026-03-05T21:21:45.423133,QQQ,2026-03-05 21:57:21.093513+00:00,607.9,608.0,80.0,280.0
2026-03-05T21:21:45.423133,TSLA,2026-03-05 21:00:01.039844+00:00,216.78,0.0,80.0,0.0
2026-03-05T21:22:15.518022,SPY,2026-03-05 21:00:04.598118+00:00,661.61,0.0,40.0,0.0
2026-03-05T21:22:15.518022,QQQ,2026-03-05 21:57:21.093513+00:00,607.9,608.0,80.0,280.0
2026-03-05T21:22:15.518022,TSLA,2026-03-05 21:00:01.039844+00:00,216.78,0.0,80.0,0.0
2026-03-05T21:22:45.615709,SPY,2026-03-05 21:00:04.598118+00:00,661.61,0.0,40.0,0.0
2026-03-05T21:22:45.615709,QQQ,2026-03-05 21:57:21.093513+00:00,607.9,608.0,80.0,280.0
2026-03-05T21:22:45.615709,TSLA,2026-03-05 21:00:01.039844+00:00,216.78,0.0,80.0,0.0
2026-03-05T21:23:15.705354,SPY,2026-03-05 21:00:04.598118+00:00,661.61,0.0,40.0,0.0
2026-03-05T21:23:15.705354,QQQ,2026-03-05 21:57:21.093513+00:00,607.9,608.0,80.0,280.0
2026-03-05T21:23:15.705354,TSLA,2026-03-05 21:00:01.039844+00:00,216.78,0.0,80.0,0.0
2026-03-05T21:23:45.795752,SPY,2026-03-05 21:00:04.598118+00:00,661.61,0.0,40.0,0.0
2026-03-05T21:23:45.795752,QQQ,2026-03-05 21:57:21.093513+00:00,607.9,608.0,80.0,280.0
2026-03-05T21:23:45.795752,TSLA,2026-03-05 21:00:01.039844+00:00,216.78,0.0,80.0,0.0
2026-03-05T21:24:15.918084,SPY,2026-03-05 21:00:04.598118+00:00,661.61,0.0,40.0,0.0
2026-03-05T21:24:15.919153,QQQ,2026-03-05 21:57:21.093513+00:00,607.9,608.0,80.0,280.0
2026-03-05T21:24:15.919153,TSLA,2026-03-05 21:00:01.039844+00:00,216.78,0.0,80.0,0.0
2026-03-05T21:24:46.006164,SPY,2026-03-05 21:00:04.598118+00:00,661.61,0.0,40.0,0.0
2026-03-05T21:24:46.006164,QQQ,2026-03-05 21:57:21.093513+00:00,607.9,608.0,80.0,280.0
2026-03-05T21:24:46.006164,TSLA,2026-03-05 21:00:01.039844+00:00,216.78,0.0,80.0,0.0
2026-03-05T21:25:16.092576,SPY,2026-03-05 21:00:04.598118+00:00,661.61,0.0,40.0,0.0
2026-03-05T21:25:16.092576,QQQ,2026-03-05 21:57:21.093513+00:00,607.9,608.0,80.0,280.0
2026-03-05T21:25:16.092576,TSLA,2026-03-05 21:00:01.039844+00:00,216.78,0.0,80.0,0.0
2026-03-05T21:25:46.188806,SPY,2026-03-05 21:00:04.598118+00:00,661.61,0.0,40.0,0.0
2026-03-05T21:25:46.188806,QQQ,2026-03-05 21:57:21.093513+00:00,607.9,608.0,80.0,280.0
2026-03-05T21:25:46.188806,TSLA,2026-03-05 21:00:01.039844+00:00,216.78,0.0,80.0,0.0
2026-03-05T21:26:16.276039,SPY,2026-03-05 21:00:04.598118+00:00,661.61,0.0,40.0,0.0
2026-03-05T21:26:16.276039,QQQ,2026-03-05 21:57:21.093513+00:00,607.9,608.0,80.0,280.0
2026-03-05T21:26:16.276039,TSLA,2026-03-05 21:00:01.039844+00:00,216.78,0.0,80.0,0.0
2026-03-05T21:26:46.366418,SPY,2026-03-05 21:00:04.598118+00:00,661.61,0.0,40.0,0.0
2026-03-05T21:26:46.366418,QQQ,2026-03-05 21:57:21.093513+00:00,607.9,608.0,80.0,280.0
2026-03-05T21:26:46.366418,TSLA,2026-03-05 21:00:01.039844+00:00,216.78,0.0,80.0,0.0
2026-03-05T21:27:16.474569,SPY,2026-03-05 21:00:04.598118+00:00,661.61,0.0,40.0,0.0
2026-03-05T21:27:16.474569,QQQ,2026-03-05 21:57:21.093513+00:00,607.9,608.0,80.0,280.0
2026-03-05T21:27:16.474569,TSLA,2026-03-05 21:00:01.039844+00:00,216.78,0.0,80.0,0.0
2026-03-05T21:27:46.564009,SPY,2026-03-05 21:00:04.598118+00:00,661.61,0.0,40.0,0.0
2026-03-05T21:27:46.564009,QQQ,2026-03-05 21:57:21.093513+00:00,607.9,608.0,80.0,280.0
2026-03-05T21:27:46.564009,TSLA,2026-03-05 21:00:01.039844+00:00,216.78,0.0,80.0,0.0
2026-03-05T21:28:16.650361,SPY,2026-03-05 21:00:04.598118+00:00,661.61,0.0,40.0,0.0
2026-03-05T21:28:16.650361,QQQ,2026-03-05 21:57:21.093513+00:00,607.9,608.0,80.0,280.0
2026-03-05T21:28:16.650361,TSLA,2026-03-05 21:00:01.039844+00:00,216.78,0.0,80.0,0.0
2026-03-05T21:28:46.743722,SPY,2026-03-05 21:00:04.598118+00:00,661.61,0.0,40.0,0.0
2026-03-05T21:28:46.743722,QQQ,2026-03-05 21:57:21.093513+00:00,607.9,608.0,80.0,280.0
2026-03-05T21:28:46.743722,TSLA,2026-03-05 21:00:01.039844+00:00,216.78,0.0,80.0,0.0
2026-03-05T21:29:16.836972,SPY,2026-03-05 21:00:04.598118+00:00,661.61,0.0,40.0,0.0
2026-03-05T21:29:16.836972,QQQ,2026-03-05 21:57:21.093513+00:00,607.9,608.0,80.0,280.0
2026-03-05T21:29:16.836972,TSLA,2026-03-05 21:00:01.039844+00:00,216.78,0.0,80.0,0.0
2026-03-05T21:29:46.928426,SPY,2026-03-05 21:00:04.598118+00:00,661.61,0.0,40.0,0.0
2026-03-05T21:29:46.928426,QQQ,2026-03-05 21:57:21.093513+00:00,607.9,608.0,80.0,280.0
2026-03-05T21:29:46.928426,TSLA,2026-03-05 21:00:01.039844+00:00,216.78,0.0,80.0,0.0
2026-03-05T21:30:17.013025,SPY,2026-03-05 21:00:04.598118+00:00,661.61,0.0,40.0,0.0
2026-03-05T21:30:17.013025,QQQ,2026-03-05 21:57:21.093513+00:00,607.9,608.0,80.0,280.0
2026-03-05T21:30:17.013025,TSLA,2026-03-05 21:00:01.039844+00:00,216.78,0.0,80.0,0.0
2026-03-05T21:30:47.121751,SPY,2026-03-05 21:00:04.598118+00:00,661.61,0.0,40.0,0.0
2026-03-05T21:30:47.121751,QQQ,2026-03-05 21:57:21.093513+00:00,607.9,608.0,80.0,280.0
2026-03-05T21:30:47.121751,TSLA,2026-03-05 21:00:01.039844+00:00,216.78,0.0,80.0,0.0
2026-03-05T21:31:17.216370,SPY,2026-03-05 21:00:04.598118+00:00,661.61,0.0,40.0,0.0
2026-03-05T21:31:17.217429,QQQ,2026-03-05 21:57:21.093513+00:00,607.9,608.0,80.0,280.0
2026-03-05T21:31:17.217429,TSLA,2026-03-05 21:00:01.039844+00:00,216.78,0.0,80.0,0.0
2026-03-05T21:31:47.304112,SPY,2026-03-05 21:00:04.598118+00:00,661.61,0.0,40.0,0.0
2026-03-05T21:31:47.304112,QQQ,2026-03-05 21:57:21.093513+00:00,607.9,608.0,80.0,280.0
2026-03-05T21:31:47.304112,TSLA,2026-03-05 21:00:01.039844+00:00,216.78,0.0,80.0,0.0
2026-03-05T21:32:17.393725,SPY,2026-03-05 21:00:04.598118+00:00,661.61,0.0,40.0,0.0
2026-03-05T21:32:17.394790,QQQ,2026-03-05 21:57:21.093513+00:00,607.9,608.0,80.0,280.0
2026-03-05T21:32:17.394790,TSLA,2026-03-05 21:00:01.039844+00:00,216.78,0.0,80.0,0.0
2026-03-05T21:32:47.478387,SPY,2026-03-05 21:00:04.598118+00:00,661.61,0.0,40.0,0.0
2026-03-05T21:32:47.478387,QQQ,2026-03-05 21:57:21.093513+00:00,607.9,608.0,80.0,280.0
2026-03-05T21:32:47.478387,TSLA,2026-03-05 21:00:01.039844+00:00,216.78,0.0,80.0,0.0
2026-03-05T21:33:17.633259,SPY,2026-03-05 21:00:04.598118+00:00,661.61,0.0,40.0,0.0
2026-03-05T21:33:17.633259,QQQ,2026-03-05 21:57:21.093513+00:00,607.9,608.0,80.0,280.0
2026-03-05T21:33:17.633259,TSLA,2026-03-05 21:00:01.039844+00:00,216.78,0.0,80.0,0.0
2026-03-05T21:33:47.721723,SPY,2026-03-05 21:00:04.598118+00:00,661.61,0.0,40.0,0.0
2026-03-05T21:33:47.721723,QQQ,2026-03-05 21:57:21.093513+00:00,607.9,608.0,80.0,280.0
2026-03-05T21:33:47.721723,TSLA,2026-03-05 21:00:01.039844+00:00,216.78,0.0,80.0,0.0
2026-03-05T21:34:17.816760,SPY,2026-03-05 21:00:04.598118+00:00,661.61,0.0,40.0,0.0
2026-03-05T21:34:17.817305,QQQ,2026-03-05 21:57:21.093513+00:00,607.9,608.0,80.0,280.0
2026-03-05T21:34:17.817305,TSLA,2026-03-05 21:00:01.039844+00:00,216.78,0.0,80.0,0.0
2026-03-05T21:34:47.910036,SPY,2026-03-05 21:00:04.598118+00:00,661.61,0.0,40.0,0.0
2026-03-05T21:34:47.910036,QQQ,2026-03-05 21:57:21.093513+00:00,607.9,608.0,80.0,280.0
2026-03-05T21:34:47.910036,TSLA,2026-03-05 21:00:01.039844+00:00,216.78,0.0,80.0,0.0
2026-03-05T21:35:18.004042,SPY,2026-03-05 21:00:04.598118+00:00,661.61,0.0,40.0,0.0
2026-03-05T21:35:18.004042,QQQ,2026-03-05 21:57:21.093513+00:00,607.9,608.0,80.0,280.0
2026-03-05T21:35:18.004042,TSLA,2026-03-05 21:00:01.039844+00:00,216.78,0.0,80.0,0.0
2026-03-05T21:35:48.092441,SPY,2026-03-05 21:00:04.598118+00:00,661.61,0.0,40.0,0.0
2026-03-05T21:35:48.092441,QQQ,2026-03-05 21:57:21.093513+00:00,607.9,608.0,80.0,280.0
2026-03-05T21:35:48.092441,TSLA,2026-03-05 21:00:01.039844+00:00,216.78,0.0,80.0,0.0
2026-03-05T21:36:18.181046,SPY,2026-03-05 21:00:04.598118+00:00,661.61,0.0,40.0,0.0
2026-03-05T21:36:18.181046,QQQ,2026-03-05 21:57:21.093513+00:00,607.9,608.0,80.0,280.0
2026-03-05T21:36:18.181046,TSLA,2026-03-05 21:00:01.039844+00:00,216.78,0.0,80.0,0.0
2026-03-05T21:36:48.267346,SPY,2026-03-05 21:00:04.598118+00:00,661.61,0.0,40.0,0.0
2026-03-05T21:36:48.267346,QQQ,2026-03-05 21:57:21.093513+00:00,607.9,608.0,80.0,280.0
2026-03-05T21:36:48.267346,TSLA,2026-03-05 21:00:01.039844+00:00,216.78,0.0,80.0,0.0
2026-03-05T21:37:18.362723,SPY,2026-03-05 21:00:04.598118+00:00,661.61,0.0,40.0,0.0
2026-03-05T21:37:18.362723,QQQ,2026-03-05 21:57:21.093513+00:00,607.9,608.0,80.0,280.0
2026-03-05T21:37:18.362723,TSLA,2026-03-05 21:00:01.039844+00:00,216.78,0.0,80.0,0.0
2026-03-05T21:37:48.454229,SPY,2026-03-05 21:00:04.598118+00:00,661.61,0.0,40.0,0.0
2026-03-05T21:37:48.454229,QQQ,2026-03-05 21:57:21.093513+00:00,607.9,608.0,80.0,280.0
2026-03-05T21:37:48.454229,TSLA,2026-03-05 21:00:01.039844+00:00,216.78,0.0,80.0,0.0
2026-03-05T21:38:18.543870,SPY,2026-03-05 21:00:04.598118+00:00,661.61,0.0,40.0,0.0
2026-03-05T21:38:18.543870,QQQ,2026-03-05 21:57:21.093513+00:00,607.9,608.0,80.0,280.0
2026-03-05T21:38:18.543870,TSLA,2026-03-05 21:00:01.039844+00:00,216.78,0.0,80.0,0.0
2026-03-05T21:38:48.634475,SPY,2026-03-05 21:00:04.598118+00:00,661.61,0.0,40.0,0.0
2026-03-05T21:38:48.634475,QQQ,2026-03-05 21:57:21.093513+00:00,607.9,608.0,80.0,280.0
2026-03-05T21:38:48.634475,TSLA,2026-03-05 21:00:01.039844+00:00,216.78,0.0,80.0,0.0
2026-03-05T21:39:18.718000,SPY,2026-03-05 21:00:04.598118+00:00,661.61,0.0,40.0,0.0
2026-03-05T21:39:18.718000,QQQ,2026-03-05 21:57:21.093513+00:00,607.9,608.0,80.0,280.0
2026-03-05T21:39:18.718000,TSLA,2026-03-05 21:00:01.039844+00:00,216.78,0.0,80.0,0.0
2026-03-05T21:39:48.806732,SPY,2026-03-05 21:00:04.598118+00:00,661.61,0.0,40.0,0.0
2026-03-05T21:39:48.806732,QQQ,2026-03-05 21:57:21.093513+00:00,607.9,608.0,80.0,280.0
2026-03-05T21:39:48.806732,TSLA,2026-03-05 21:00:01.039844+00:00,216.78,0.0,80.0,0.0
2026-03-05T21:40:18.893999,SPY,2026-03-05 21:00:04.598118+00:00,661.61,0.0,40.0,0.0
2026-03-05T21:40:18.893999,QQQ,2026-03-05 21:57:21.093513+00:00,607.9,608.0,80.0,280.0
2026-03-05T21:40:18.893999,TSLA,2026-03-05 21:00:01.039844+00:00,216.78,0.0,80.0,0.0
2026-03-05T21:40:48.983428,SPY,2026-03-05 21:00:04.598118+00:00,661.61,0.0,40.0,0.0
2026-03-05T21:40:48.983428,QQQ,2026-03-05 21:57:21.093513+00:00,607.9,608.0,80.0,280.0
2026-03-05T21:40:48.983428,TSLA,2026-03-05 21:00:01.039844+00:00,216.78,0.0,80.0,0.0
2026-03-05T21:41:19.071278,SPY,2026-03-05 21:00:04.598118+00:00,661.61,0.0,40.0,0.0
2026-03-05T21:41:19.071278,QQQ,2026-03-05 21:57:21.093513+00:00,607.9,608.0,80.0,280.0
2026-03-05T21:41:19.071278,TSLA,2026-03-05 21:00:01.039844+00:00,216.78,0.0,80.0,0.0
2026-03-05T21:41:49.180531,SPY,2026-03-05 21:00:04.598118+00:00,661.61,0.0,40.0,0.0
2026-03-05T21:41:49.180531,QQQ,2026-03-05 21:57:21.093513+00:00,607.9,608.0,80.0,280.0
2026-03-05T21:41:49.180531,TSLA,2026-03-05 21:00:01.039844+00:00,216.78,0.0,80.0,0.0
2026-03-05T21:42:19.263607,SPY,2026-03-05 21:00:04.598118+00:00,661.61,0.0,40.0,0.0
2026-03-05T21:42:19.263607,QQQ,2026-03-05 21:57:21.093513+00:00,607.9,608.0,80.0,280.0
2026-03-05T21:42:19.263607,TSLA,2026-03-05 21:00:01.039844+00:00,216.78,0.0,80.0,0.0
2026-03-05T21:42:49.346714,SPY,2026-03-05 21:00:04.598118+00:00,661.61,0.0,40.0,0.0
2026-03-05T21:42:49.346714,QQQ,2026-03-05 21:57:21.093513+00:00,607.9,608.0,80.0,280.0
2026-03-05T21:42:49.346714,TSLA,2026-03-05 21:00:01.039844+00:00,216.78,0.0,80.0,0.0
2026-03-05T21:43:19.435726,SPY,2026-03-05 21:00:04.598118+00:00,661.61,0.0,40.0,0.0
2026-03-05T21:43:19.435726,QQQ,2026-03-05 21:57:21.093513+00:00,607.9,608.0,80.0,280.0
2026-03-05T21:43:19.435726,TSLA,2026-03-05 21:00:01.039844+00:00,216.78,0.0,80.0,0.0
2026-03-05T21:43:49.525167,SPY,2026-03-05 21:00:04.598118+00:00,661.61,0.0,40.0,0.0
2026-03-05T21:43:49.525167,QQQ,2026-03-05 21:57:21.093513+00:00,607.9,608.0,80.0,280.0
2026-03-05T21:43:49.525167,TSLA,2026-03-05 21:00:01.039844+00:00,216.78,0.0,80.0,0.0
2026-03-05T21:44:19.612143,SPY,2026-03-05 21:00:04.598118+00:00,661.61,0.0,40.0,0.0
2026-03-05T21:44:19.612143,QQQ,2026-03-05 21:57:21.093513+00:00,607.9,608.0,80.0,280.0
2026-03-05T21:44:19.612143,TSLA,2026-03-05 21:00:01.039844+00:00,216.78,0.0,80.0,0.0
2026-03-05T21:44:49.711188,SPY,2026-03-05 21:00:04.598118+00:00,661.61,0.0,40.0,0.0
2026-03-05T21:44:49.711188,QQQ,2026-03-05 21:57:21.093513+00:00,607.9,608.0,80.0,280.0
2026-03-05T21:44:49.711188,TSLA,2026-03-05 21:00:01.039844+00:00,216.78,0.0,80.0,0.0
2026-03-05T21:45:19.797842,SPY,2026-03-05 21:00:04.598118+00:00,661.61,0.0,40.0,0.0
2026-03-05T21:45:19.797842,QQQ,2026-03-05 21:57:21.093513+00:00,607.9,608.0,80.0,280.0
2026-03-05T21:45:19.797842,TSLA,2026-03-05 21:00:01.039844+00:00,216.78,0.0,80.0,0.0
2026-03-05T21:47:20.135421,SPY,2026-03-05 21:00:04.598118+00:00,661.61,0.0,40.0,0.0
2026-03-05T21:47:20.135421,QQQ,2026-03-05 21:57:21.093513+00:00,607.9,608.0,80.0,280.0
2026-03-05T21:47:20.135421,TSLA,2026-03-05 21:00:01.039844+00:00,216.78,0.0,80.0,0.0
2026-03-05T21:47:50.223223,SPY,2026-03-05 21:00:04.598118+00:00,661.61,0.0,40.0,0.0
2026-03-05T21:47:50.223223,QQQ,2026-03-05 21:57:21.093513+00:00,607.9,608.0,80.0,280.0
2026-03-05T21:47:50.223223,TSLA,2026-03-05 21:00:01.039844+00:00,216.78,0.0,80.0,0.0
2026-03-05T21:48:20.304067,SPY,2026-03-05 21:00:04.598118+00:00,661.61,0.0,40.0,0.0
2026-03-05T21:48:20.304067,QQQ,2026-03-05 21:57:21.093513+00:00,607.9,608.0,80.0,280.0
2026-03-05T21:48:20.304067,TSLA,2026-03-05 21:00:01.039844+00:00,216.78,0.0,80.0,0.0
2026-03-05T21:48:50.387134,SPY,2026-03-05 21:00:04.598118+00:00,661.61,0.0,40.0,0.0
2026-03-05T21:48:50.387134,QQQ,2026-03-05 21:57:21.093513+00:00,607.9,608.0,80.0,280.0
2026-03-05T21:48:50.387134,TSLA,2026-03-05 21:00:01.039844+00:00,216.78,0.0,80.0,0.0
2026-03-05T21:49:20.473553,SPY,2026-03-05 21:00:04.598118+00:00,661.61,0.0,40.0,0.0
2026-03-05T21:49:20.473553,QQQ,2026-03-05 21:57:21.093513+00:00,607.9,608.0,80.0,280.0
2026-03-05T21:49:20.473553,TSLA,2026-03-05 21:00:01.039844+00:00,216.78,0.0,80.0,0.0
2026-03-05T21:49:50.556725,SPY,2026-03-05 21:00:04.598118+00:00,661.61,0.0,40.0,0.0
2026-03-05T21:49:50.556725,QQQ,2026-03-05 21:57:21.093513+00:00,607.9,608.0,80.0,280.0
2026-03-05T21:49:50.556725,TSLA,2026-03-05 21:00:01.039844+00:00,216.78,0.0,80.0,0.0
2026-03-05T21:50:20.641842,SPY,2026-03-05 21:00:04.598118+00:00,661.61,0.0,40.0,0.0
2026-03-05T21:50:20.641842,QQQ,2026-03-05 21:57:21.093513+00:00,607.9,608.0,80.0,280.0
2026-03-05T21:50:20.641842,TSLA,2026-03-05 21:00:01.039844+00:00,216.78,0.0,80.0,0.0
2026-03-05T21:50:50.726711,SPY,2026-03-05 21:00:04.598118+00:00,661.61,0.0,40.0,0.0
2026-03-05T21:50:50.726711,QQQ,2026-03-05 21:57:21.093513+00:00,607.9,608.0,80.0,280.0
2026-03-05T21:50:50.726711,TSLA,2026-03-05 21:00:01.039844+00:00,216.78,0.0,80.0,0.0
2026-03-05T21:51:20.814942,SPY,2026-03-05 21:00:04.598118+00:00,661.61,0.0,40.0,0.0
2026-03-05T21:51:20.814942,QQQ,2026-03-05 21:57:21.093513+00:00,607.9,608.0,80.0,280.0
2026-03-05T21:51:20.815956,TSLA,2026-03-05 21:00:01.039844+00:00,216.78,0.0,80.0,0.0
2026-03-05T21:51:50.895661,SPY,2026-03-05 21:00:04.598118+00:00,661.61,0.0,40.0,0.0
2026-03-05T21:51:50.895661,QQQ,2026-03-05 21:57:21.093513+00:00,607.9,608.0,80.0,280.0
2026-03-05T21:51:50.895661,TSLA,2026-03-05 21:00:01.039844+00:00,216.78,0.0,80.0,0.0
2026-03-05T21:52:21.005948,SPY,2026-03-05 21:00:04.598118+00:00,661.61,0.0,40.0,0.0
2026-03-05T21:52:21.005948,QQQ,2026-03-05 21:57:21.093513+00:00,607.9,608.0,80.0,280.0
2026-03-05T21:52:21.005948,TSLA,2026-03-05 21:00:01.039844+00:00,216.78,0.0,80.0,0.0
2026-03-05T21:52:51.090086,SPY,2026-03-05 21:00:04.598118+00:00,661.61,0.0,40.0,0.0
2026-03-05T21:52:51.090086,QQQ,2026-03-05 21:57:21.093513+00:00,607.9,608.0,80.0,280.0
2026-03-05T21:52:51.090086,TSLA,2026-03-05 21:00:01.039844+00:00,216.78,0.0,80.0,0.0
2026-03-05T21:53:21.177069,SPY,2026-03-05 21:00:04.598118+00:00,661.61,0.0,40.0,0.0
2026-03-05T21:53:21.177069,QQQ,2026-03-05 21:57:21.093513+00:00,607.9,608.0,80.0,280.0
2026-03-05T21:53:21.177069,TSLA,2026-03-05 21:00:01.039844+00:00,216.78,0.0,80.0,0.0
2026-03-05T21:53:51.261036,SPY,2026-03-05 21:00:04.598118+00:00,661.61,0.0,40.0,0.0
2026-03-05T21:53:51.261036,QQQ,2026-03-05 21:57:21.093513+00:00,607.9,608.0,80.0,280.0
2026-03-05T21:53:51.261036,TSLA,2026-03-05 21:00:01.039844+00:00,216.78,0.0,80.0,0.0
2026-03-05T21:54:21.347515,SPY,2026-03-05 21:00:04.598118+00:00,661.61,0.0,40.0,0.0
2026-03-05T21:54:21.347515,QQQ,2026-03-05 21:57:21.093513+00:00,607.9,608.0,80.0,280.0
2026-03-05T21:54:21.347515,TSLA,2026-03-05 21:00:01.039844+00:00,216.78,0.0,80.0,0.0
2026-03-05T21:54:51.432350,SPY,2026-03-05 21:00:04.598118+00:00,661.61,0.0,40.0,0.0
2026-03-05T21:54:51.432350,QQQ,2026-03-05 21:57:21.093513+00:00,607.9,608.0,80.0,280.0
2026-03-05T21:54:51.432350,TSLA,2026-03-05 21:00:01.039844+00:00,216.78,0.0,80.0,0.0
2026-03-05T21:55:21.512855,SPY,2026-03-05 21:00:04.598118+00:00,661.61,0.0,40.0,0.0
2026-03-05T21:55:21.512855,QQQ,2026-03-05 21:57:21.093513+00:00,607.9,608.0,80.0,280.0
2026-03-05T21:55:21.512855,TSLA,2026-03-05 21:00:01.039844+00:00,216.78,0.0,80.0,0.0
2026-03-05T21:55:51.597140,SPY,2026-03-05 21:00:04.598118+00:00,661.61,0.0,40.0,0.0
2026-03-05T21:55:51.597140,QQQ,2026-03-05 21:57:21.093513+00:00,607.9,608.0,80.0,280.0
2026-03-05T21:55:51.597140,TSLA,2026-03-05 21:00:01.039844+00:00,216.78,0.0,80.0,0.0
2026-03-05T21:56:21.687361,SPY,2026-03-05 21:00:04.598118+00:00,661.61,0.0,40.0,0.0
2026-03-05T21:56:21.687361,QQQ,2026-03-05 21:57:21.093513+00:00,607.9,608.0,80.0,280.0
2026-03-05T21:56:21.687361,TSLA,2026-03-05 21:00:01.039844+00:00,216.78,0.0,80.0,0.0
2026-03-05T21:56:51.778419,SPY,2026-03-05 21:00:04.598118+00:00,661.61,0.0,40.0,0.0
2026-03-05T21:56:51.778419,QQQ,2026-03-05 21:57:21.093513+00:00,607.9,608.0,80.0,280.0
2026-03-05T21:56:51.778419,TSLA,2026-03-05 21:00:01.039844+00:00,216.78,0.0,80.0,0.0
2026-03-05T21:57:21.865447,SPY,2026-03-05 21:00:04.598118+00:00,661.61,0.0,40.0,0.0
2026-03-05T21:57:21.865447,QQQ,2026-03-05 21:57:21.093513+00:00,607.9,608.0,80.0,280.0
2026-03-05T21:57:21.865447,TSLA,2026-03-05 21:00:01.039844+00:00,216.78,0.0,80.0,0.0
2026-03-05T21:57:52.066622,SPY,2026-03-05 21:00:04.598118+00:00,661.61,0.0,40.0,0.0
2026-03-05T21:57:52.066622,QQQ,2026-03-05 21:57:21.093513+00:00,607.9,608.0,80.0,280.0
2026-03-05T21:57:52.066622,TSLA,2026-03-05 21:00:01.039844+00:00,216.78,0.0,80.0,0.0
2026-03-05T21:58:22.157874,SPY,2026-03-05 21:00:04.598118+00:00,661.61,0.0,40.0,0.0
2026-03-05T21:58:22.157874,QQQ,2026-03-05 21:57:21.093513+00:00,607.9,608.0,80.0,280.0
2026-03-05T21:58:22.157874,TSLA,2026-03-05 21:00:01.039844+00:00,216.78,0.0,80.0,0.0
2026-03-05T21:58:52.247770,SPY,2026-03-05 21:00:04.598118+00:00,661.61,0.0,40.0,0.0
2026-03-05T21:58:52.247770,QQQ,2026-03-05 21:57:21.093513+00:00,607.9,608.0,80.0,280.0
2026-03-05T21:58:52.247770,TSLA,2026-03-05 21:00:01.039844+00:00,216.78,0.0,80.0,0.0
2026-03-05T21:59:22.359106,SPY,2026-03-05 21:00:04.598118+00:00,661.61,0.0,40.0,0.0
2026-03-05T21:59:22.359106,QQQ,2026-03-05 21:57:21.093513+00:00,607.9,608.0,80.0,280.0
2026-03-05T21:59:22.359106,TSLA,2026-03-05 21:00:01.039844+00:00,216.78,0.0,80.0,0.0
2026-03-05T21:59:52.445916,SPY,2026-03-05 21:00:04.598118+00:00,661.61,0.0,40.0,0.0
2026-03-05T21:59:52.445916,QQQ,2026-03-05 21:57:21.093513+00:00,607.9,608.0,80.0,280.0
2026-03-05T21:59:52.445916,TSLA,2026-03-05 21:00:01.039844+00:00,216.78,0.0,80.0,0.0
2026-03-05T22:00:22.534303,SPY,2026-03-05 21:00:04.598118+00:00,661.61,0.0,40.0,0.0
2026-03-05T22:00:22.534303,QQQ,2026-03-05 21:57:21.093513+00:00,607.9,608.0,80.0,280.0
2026-03-05T22:00:22.534303,TSLA,2026-03-05 21:00:01.039844+00:00,216.78,0.0,80.0,0.0
2026-03-05T22:00:52.622676,SPY,2026-03-05 21:00:04.598118+00:00,661.61,0.0,40.0,0.0
2026-03-05T22:00:52.622676,QQQ,2026-03-05 21:57:21.093513+00:00,607.9,608.0,80.0,280.0
2026-03-05T22:00:52.622676,TSLA,2026-03-05 21:00:01.039844+00:00,216.78,0.0,80.0,0.0
2026-03-05T22:01:22.707765,SPY,2026-03-05 21:00:04.598118+00:00,661.61,0.0,40.0,0.0
2026-03-05T22:01:22.707765,QQQ,2026-03-05 21:57:21.093513+00:00,607.9,608.0,80.0,280.0
2026-03-05T22:01:22.707765,TSLA,2026-03-05 21:00:01.039844+00:00,216.78,0.0,80.0,0.0
2026-03-05T22:01:52.797222,SPY,2026-03-05 21:00:04.598118+00:00,661.61,0.0,40.0,0.0
2026-03-05T22:01:52.797222,QQQ,2026-03-05 21:57:21.093513+00:00,607.9,608.0,80.0,280.0
2026-03-05T22:01:52.797222,TSLA,2026-03-05 21:00:01.039844+00:00,216.78,0.0,80.0,0.0
2026-03-05T22:02:22.890803,SPY,2026-03-05 21:00:04.598118+00:00,661.61,0.0,40.0,0.0
2026-03-05T22:02:22.890803,QQQ,2026-03-05 21:57:21.093513+00:00,607.9,608.0,80.0,280.0
2026-03-05T22:02:22.890803,TSLA,2026-03-05 21:00:01.039844+00:00,216.78,0.0,80.0,0.0
2026-03-05T22:02:52.976461,SPY,2026-03-05 21:00:04.598118+00:00,661.61,0.0,40.0,0.0
2026-03-05T22:02:52.976461,QQQ,2026-03-05 21:57:21.093513+00:00,607.9,608.0,80.0,280.0
2026-03-05T22:02:52.976461,TSLA,2026-03-05 21:00:01.039844+00:00,216.78,0.0,80.0,0.0
2026-03-05T22:03:23.075038,SPY,2026-03-05 21:00:04.598118+00:00,661.61,0.0,40.0,0.0
2026-03-05T22:03:23.075038,QQQ,2026-03-05 21:57:21.093513+00:00,607.9,608.0,80.0,280.0
2026-03-05T22:03:23.075038,TSLA,2026-03-05 21:00:01.039844+00:00,216.78,0.0,80.0,0.0
2026-03-05T22:03:53.164913,SPY,2026-03-05 21:00:04.598118+00:00,661.61,0.0,40.0,0.0
2026-03-05T22:03:53.164913,QQQ,2026-03-05 21:57:21.093513+00:00,607.9,608.0,80.0,280.0
2026-03-05T22:03:53.164913,TSLA,2026-03-05 21:00:01.039844+00:00,216.78,0.0,80.0,0.0
2026-03-05T22:04:23.252917,SPY,2026-03-05 21:00:04.598118+00:00,661.61,0.0,40.0,0.0
2026-03-05T22:04:23.252917,QQQ,2026-03-05 21:57:21.093513+00:00,607.9,608.0,80.0,280.0
2026-03-05T22:04:23.252917,TSLA,2026-03-05 21:00:01.039844+00:00,216.78,0.0,80.0,0.0
2026-03-05T22:04:53.345196,SPY,2026-03-05 21:00:04.598118+00:00,661.61,0.0,40.0,0.0
2026-03-05T22:04:53.345196,QQQ,2026-03-05 21:57:21.093513+00:00,607.9,608.0,80.0,280.0
2026-03-05T22:04:53.345196,TSLA,2026-03-05 21:00:01.039844+00:00,216.78,0.0,80.0,0.0
2026-03-05T22:05:23.441640,SPY,2026-03-05 21:00:04.598118+00:00,661.61,0.0,40.0,0.0
2026-03-05T22:05:23.441640,QQQ,2026-03-05 21:57:21.093513+00:00,607.9,608.0,80.0,280.0
2026-03-05T22:05:23.441640,TSLA,2026-03-05 21:00:01.039844+00:00,216.78,0.0,80.0,0.0
2026-03-05T22:05:53.527524,SPY,2026-03-05 21:00:04.598118+00:00,661.61,0.0,40.0,0.0
2026-03-05T22:05:53.527524,QQQ,2026-03-05 21:57:21.093513+00:00,607.9,608.0,80.0,280.0
2026-03-05T22:05:53.527524,TSLA,2026-03-05 21:00:01.039844+00:00,216.78,0.0,80.0,0.0
2026-03-05T22:06:23.608219,SPY,2026-03-05 21:00:04.598118+00:00,661.61,0.0,40.0,0.0
2026-03-05T22:06:23.608219,QQQ,2026-03-05 21:57:21.093513+00:00,607.9,608.0,80.0,280.0
2026-03-05T22:06:23.608219,TSLA,2026-03-05 21:00:01.039844+00:00,216.78,0.0,80.0,0.0
2026-03-05T22:06:53.695180,SPY,2026-03-05 21:00:04.598118+00:00,661.61,0.0,40.0,0.0
2026-03-05T22:06:53.695180,QQQ,2026-03-05 21:57:21.093513+00:00,607.9,608.0,80.0,280.0
2026-03-05T22:06:53.695180,TSLA,2026-03-05 21:00:01.039844+00:00,216.78,0.0,80.0,0.0
2026-03-05T22:07:23.776905,SPY,2026-03-05 21:00:04.598118+00:00,661.61,0.0,40.0,0.0
2026-03-05T22:07:23.776905,QQQ,2026-03-05 21:57:21.093513+00:00,607.9,608.0,80.0,280.0
2026-03-05T22:07:23.776905,TSLA,2026-03-05 21:00:01.039844+00:00,216.78,0.0,80.0,0.0
2026-03-05T22:07:53.892071,SPY,2026-03-05 21:00:04.598118+00:00,661.61,0.0,40.0,0.0
2026-03-05T22:07:53.892071,QQQ,2026-03-05 21:57:21.093513+00:00,607.9,608.0,80.0,280.0
2026-03-05T22:07:53.892071,TSLA,2026-03-05 21:00:01.039844+00:00,216.78,0.0,80.0,0.0
2026-03-05T22:08:23.974887,SPY,2026-03-05 21:00:04.598118+00:00,661.61,0.0,40.0,0.0
2026-03-05T22:08:23.974887,QQQ,2026-03-05 21:57:21.093513+00:00,607.9,608.0,80.0,280.0
2026-03-05T22:08:23.974887,TSLA,2026-03-05 21:00:01.039844+00:00,216.78,0.0,80.0,0.0
2026-03-05T22:08:54.080127,SPY,2026-03-05 21:00:04.598118+00:00,661.61,0.0,40.0,0.0
2026-03-05T22:08:54.080127,QQQ,2026-03-05 21:57:21.093513+00:00,607.9,608.0,80.0,280.0
2026-03-05T22:08:54.080127,TSLA,2026-03-05 21:00:01.039844+00:00,216.78,0.0,80.0,0.0
2026-03-05T22:09:24.163629,SPY,2026-03-05 21:00:04.598118+00:00,661.61,0.0,40.0,0.0
2026-03-05T22:09:24.163629,QQQ,2026-03-05 21:57:21.093513+00:00,607.9,608.0,80.0,280.0
2026-03-05T22:09:24.163629,TSLA,2026-03-05 21:00:01.039844+00:00,216.78,0.0,80.0,0.0
2026-03-05T22:09:54.247401,SPY,2026-03-05 21:00:04.598118+00:00,661.61,0.0,40.0,0.0
2026-03-05T22:09:54.247401,QQQ,2026-03-05 21:57:21.093513+00:00,607.9,608.0,80.0,280.0
2026-03-05T22:09:54.247401,TSLA,2026-03-05 21:00:01.039844+00:00,216.78,0.0,80.0,0.0
2026-03-05T22:10:24.331751,SPY,2026-03-05 21:00:04.598118+00:00,661.61,0.0,40.0,0.0
2026-03-05T22:10:24.331751,QQQ,2026-03-05 21:57:21.093513+00:00,607.9,608.0,80.0,280.0
2026-03-05T22:10:24.331751,TSLA,2026-03-05 21:00:01.039844+00:00,216.78,0.0,80.0,0.0
2026-03-05T22:14:17.503942,GLD,2026-03-05 21:00:28.584855+00:00,466.14,466.56,40.0,40.0
2026-03-05T22:14:17.503942,MSFT,2026-03-05 21:00:00.004230+00:00,383.89,424.68,40.0,40.0
2026-03-05T22:14:17.503942,RKLB,2026-03-05 21:00:00.011016+00:00,66.02,73.29,100.0,100.0
2026-03-05T22:14:47.592189,GLD,2026-03-05 21:00:28.584855+00:00,466.14,466.56,40.0,40.0
2026-03-05T22:14:47.592189,MSFT,2026-03-05 21:00:00.004230+00:00,383.89,424.68,40.0,40.0
2026-03-05T22:14:47.592189,RKLB,2026-03-05 21:00:00.011016+00:00,66.02,73.29,100.0,100.0
2026-03-05T22:15:17.684016,GLD,2026-03-05 21:00:28.584855+00:00,466.14,466.56,40.0,40.0
2026-03-05T22:15:17.684016,MSFT,2026-03-05 21:00:00.004230+00:00,383.89,424.68,40.0,40.0
2026-03-05T22:15:17.684016,RKLB,2026-03-05 21:00:00.011016+00:00,66.02,73.29,100.0,100.0
2026-03-05T22:15:47.771332,GLD,2026-03-05 21:00:28.584855+00:00,466.14,466.56,40.0,40.0
2026-03-05T22:15:47.771332,MSFT,2026-03-05 21:00:00.004230+00:00,383.89,424.68,40.0,40.0
2026-03-05T22:15:47.771332,RKLB,2026-03-05 21:00:00.011016+00:00,66.02,73.29,100.0,100.0
2026-03-05T22:16:17.859125,GLD,2026-03-05 21:00:28.584855+00:00,466.14,466.56,40.0,40.0
2026-03-05T22:16:17.859125,MSFT,2026-03-05 21:00:00.004230+00:00,383.89,424.68,40.0,40.0
2026-03-05T22:16:17.859125,RKLB,2026-03-05 21:00:00.011016+00:00,66.02,73.29,100.0,100.0
2026-03-05T22:16:47.943819,GLD,2026-03-05 21:00:28.584855+00:00,466.14,466.56,40.0,40.0
2026-03-05T22:16:47.943819,MSFT,2026-03-05 21:00:00.004230+00:00,383.89,424.68,40.0,40.0
2026-03-05T22:16:47.943819,RKLB,2026-03-05 21:00:00.011016+00:00,66.02,73.29,100.0,100.0
2026-03-05T22:17:18.031545,GLD,2026-03-05 21:00:28.584855+00:00,466.14,466.56,40.0,40.0
2026-03-05T22:17:18.031545,MSFT,2026-03-05 21:00:00.004230+00:00,383.89,424.68,40.0,40.0
2026-03-05T22:17:18.031545,RKLB,2026-03-05 21:00:00.011016+00:00,66.02,73.29,100.0,100.0
2026-03-05T22:17:48.116293,GLD,2026-03-05 21:00:28.584855+00:00,466.14,466.56,40.0,40.0
2026-03-05T22:17:48.116293,MSFT,2026-03-05 21:00:00.004230+00:00,383.89,424.68,40.0,40.0
2026-03-05T22:17:48.116293,RKLB,2026-03-05 21:00:00.011016+00:00,66.02,73.29,100.0,100.0
2026-03-05T22:18:18.201766,GLD,2026-03-05 21:00:28.584855+00:00,466.14,466.56,40.0,40.0
2026-03-05T22:18:18.201766,MSFT,2026-03-05 21:00:00.004230+00:00,383.89,424.68,40.0,40.0
2026-03-05T22:18:18.201766,RKLB,2026-03-05 21:00:00.011016+00:00,66.02,73.29,100.0,100.0
2026-03-05T22:18:48.283689,GLD,2026-03-05 21:00:28.584855+00:00,466.14,466.56,40.0,40.0
2026-03-05T22:18:48.283689,MSFT,2026-03-05 21:00:00.004230+00:00,383.89,424.68,40.0,40.0
2026-03-05T22:18:48.283689,RKLB,2026-03-05 21:00:00.011016+00:00,66.02,73.29,100.0,100.0
2026-03-05T22:19:18.369715,GLD,2026-03-05 21:00:28.584855+00:00,466.14,466.56,40.0,40.0
2026-03-05T22:19:18.369715,MSFT,2026-03-05 21:00:00.004230+00:00,383.89,424.68,40.0,40.0
2026-03-05T22:19:18.369715,RKLB,2026-03-05 21:00:00.011016+00:00,66.02,73.29,100.0,100.0
2026-03-05T22:19:48.451744,GLD,2026-03-05 21:00:28.584855+00:00,466.14,466.56,40.0,40.0
2026-03-05T22:19:48.451744,MSFT,2026-03-05 21:00:00.004230+00:00,383.89,424.68,40.0,40.0
2026-03-05T22:19:48.451744,RKLB,2026-03-05 21:00:00.011016+00:00,66.02,73.29,100.0,100.0
2026-03-05T22:20:18.534514,GLD,2026-03-05 21:00:28.584855+00:00,466.14,466.56,40.0,40.0
2026-03-05T22:20:18.534514,MSFT,2026-03-05 21:00:00.004230+00:00,383.89,424.68,40.0,40.0
2026-03-05T22:20:18.534514,RKLB,2026-03-05 21:00:00.011016+00:00,66.02,73.29,100.0,100.0
2026-03-05T22:20:48.629557,GLD,2026-03-05 21:00:28.584855+00:00,466.14,466.56,40.0,40.0
2026-03-05T22:20:48.629557,MSFT,2026-03-05 21:00:00.004230+00:00,383.89,424.68,40.0,40.0
2026-03-05T22:20:48.629557,RKLB,2026-03-05 21:00:00.011016+00:00,66.02,73.29,100.0,100.0
2026-03-05T22:21:18.709009,GLD,2026-03-05 21:00:28.584855+00:00,466.14,466.56,40.0,40.0
2026-03-05T22:21:18.709009,MSFT,2026-03-05 21:00:00.004230+00:00,383.89,424.68,40.0,40.0
2026-03-05T22:21:18.709009,RKLB,2026-03-05 21:00:00.011016+00:00,66.02,73.29,100.0,100.0
2026-03-05T22:21:48.807637,GLD,2026-03-05 21:00:28.584855+00:00,466.14,466.56,40.0,40.0
2026-03-05T22:21:48.807637,MSFT,2026-03-05 21:00:00.004230+00:00,383.89,424.68,40.0,40.0
2026-03-05T22:21:48.807637,RKLB,2026-03-05 21:00:00.011016+00:00,66.02,73.29,100.0,100.0
2026-03-05T22:22:18.894198,GLD,2026-03-05 21:00:28.584855+00:00,466.14,466.56,40.0,40.0
2026-03-05T22:22:18.894198,MSFT,2026-03-05 21:00:00.004230+00:00,383.89,424.68,40.0,40.0
2026-03-05T22:22:18.894198,RKLB,2026-03-05 21:00:00.011016+00:00,66.02,73.29,100.0,100.0
2026-03-05T22:22:48.982586,GLD,2026-03-05 21:00:28.584855+00:00,466.14,466.56,40.0,40.0
2026-03-05T22:22:48.982586,MSFT,2026-03-05 21:00:00.004230+00:00,383.89,424.68,40.0,40.0
2026-03-05T22:22:48.982586,RKLB,2026-03-05 21:00:00.011016+00:00,66.02,73.29,100.0,100.0
2026-03-05T22:23:19.079237,GLD,2026-03-05 21:00:28.584855+00:00,466.14,466.56,40.0,40.0
2026-03-05T22:23:19.079237,MSFT,2026-03-05 21:00:00.004230+00:00,383.89,424.68,40.0,40.0
2026-03-05T22:23:19.079237,RKLB,2026-03-05 21:00:00.011016+00:00,66.02,73.29,100.0,100.0
2026-03-05T22:23:49.163843,GLD,2026-03-05 21:00:28.584855+00:00,466.14,466.56,40.0,40.0
2026-03-05T22:23:49.163843,MSFT,2026-03-05 21:00:00.004230+00:00,383.89,424.68,40.0,40.0
2026-03-05T22:23:49.163843,RKLB,2026-03-05 21:00:00.011016+00:00,66.02,73.29,100.0,100.0
2026-03-05T22:24:19.262817,GLD,2026-03-05 21:00:28.584855+00:00,466.14,466.56,40.0,40.0
2026-03-05T22:24:19.262817,MSFT,2026-03-05 21:00:00.004230+00:00,383.89,424.68,40.0,40.0
2026-03-05T22:24:19.262817,RKLB,2026-03-05 21:00:00.011016+00:00,66.02,73.29,100.0,100.0
2026-03-05T22:24:49.344829,GLD,2026-03-05 21:00:28.584855+00:00,466.14,466.56,40.0,40.0
2026-03-05T22:24:49.345864,MSFT,2026-03-05 21:00:00.004230+00:00,383.89,424.68,40.0,40.0
2026-03-05T22:24:49.345864,RKLB,2026-03-05 21:00:00.011016+00:00,66.02,73.29,100.0,100.0
2026-03-05T22:25:19.435140,GLD,2026-03-05 21:00:28.584855+00:00,466.14,466.56,40.0,40.0
2026-03-05T22:25:19.435140,MSFT,2026-03-05 21:00:00.004230+00:00,383.89,424.68,40.0,40.0
2026-03-05T22:25:19.435140,RKLB,2026-03-05 21:00:00.011016+00:00,66.02,73.29,100.0,100.0
2026-03-05T22:25:49.564895,GLD,2026-03-05 21:00:28.584855+00:00,466.14,466.56,40.0,40.0
2026-03-05T22:25:49.564895,MSFT,2026-03-05 21:00:00.004230+00:00,383.89,424.68,40.0,40.0
2026-03-05T22:25:49.564895,RKLB,2026-03-05 21:00:00.011016+00:00,66.02,73.29,100.0,100.0
2026-03-05T22:26:19.653679,GLD,2026-03-05 21:00:28.584855+00:00,466.14,466.56,40.0,40.0
2026-03-05T22:26:19.653679,MSFT,2026-03-05 21:00:00.004230+00:00,383.89,424.68,40.0,40.0
2026-03-05T22:26:19.653679,RKLB,2026-03-05 21:00:00.011016+00:00,66.02,73.29,100.0,100.0
2026-03-05T22:26:49.737215,GLD,2026-03-05 21:00:28.584855+00:00,466.14,466.56,40.0,40.0
2026-03-05T22:26:49.737215,MSFT,2026-03-05 21:00:00.004230+00:00,383.89,424.68,40.0,40.0
2026-03-05T22:26:49.737215,RKLB,2026-03-05 21:00:00.011016+00:00,66.02,73.29,100.0,100.0
2026-03-05T22:27:19.829681,GLD,2026-03-05 21:00:28.584855+00:00,466.14,466.56,40.0,40.0
2026-03-05T22:27:19.829681,MSFT,2026-03-05 21:00:00.004230+00:00,383.89,424.68,40.0,40.0
2026-03-05T22:27:19.829681,RKLB,2026-03-05 21:00:00.011016+00:00,66.02,73.29,100.0,100.0
2026-03-05T22:27:49.913413,GLD,2026-03-05 21:00:28.584855+00:00,466.14,466.56,40.0,40.0
2026-03-05T22:27:49.913413,MSFT,2026-03-05 21:00:00.004230+00:00,383.89,424.68,40.0,40.0
2026-03-05T22:27:49.913413,RKLB,2026-03-05 21:00:00.011016+00:00,66.02,73.29,100.0,100.0
2026-03-05T22:28:19.996493,GLD,2026-03-05 21:00:28.584855+00:00,466.14,466.56,40.0,40.0
2026-03-05T22:28:19.996493,MSFT,2026-03-05 21:00:00.004230+00:00,383.89,424.68,40.0,40.0
2026-03-05T22:28:19.996493,RKLB,2026-03-05 21:00:00.011016+00:00,66.02,73.29,100.0,100.0
2026-03-05T22:28:50.083346,GLD,2026-03-05 21:00:28.584855+00:00,466.14,466.56,40.0,40.0
2026-03-05T22:28:50.083346,MSFT,2026-03-05 21:00:00.004230+00:00,383.89,424.68,40.0,40.0
2026-03-05T22:28:50.083346,RKLB,2026-03-05 21:00:00.011016+00:00,66.02,73.29,100.0,100.0
2026-03-05T22:29:20.164799,GLD,2026-03-05 21:00:28.584855+00:00,466.14,466.56,40.0,40.0
2026-03-05T22:29:20.164799,MSFT,2026-03-05 21:00:00.004230+00:00,383.89,424.68,40.0,40.0
2026-03-05T22:29:20.164799,RKLB,2026-03-05 21:00:00.011016+00:00,66.02,73.29,100.0,100.0
2026-03-05T22:29:50.247492,GLD,2026-03-05 21:00:28.584855+00:00,466.14,466.56,40.0,40.0
2026-03-05T22:29:50.247492,MSFT,2026-03-05 21:00:00.004230+00:00,383.89,424.68,40.0,40.0
2026-03-05T22:29:50.247492,RKLB,2026-03-05 21:00:00.011016+00:00,66.02,73.29,100.0,100.0
2026-03-05T22:30:20.333131,GLD,2026-03-05 21:00:28.584855+00:00,466.14,466.56,40.0,40.0
2026-03-05T22:30:20.333131,MSFT,2026-03-05 21:00:00.004230+00:00,383.89,424.68,40.0,40.0
2026-03-05T22:30:20.333131,RKLB,2026-03-05 21:00:00.011016+00:00,66.02,73.29,100.0,100.0
2026-03-05T22:30:50.422903,GLD,2026-03-05 21:00:28.584855+00:00,466.14,466.56,40.0,40.0
2026-03-05T22:30:50.422903,MSFT,2026-03-05 21:00:00.004230+00:00,383.89,424.68,40.0,40.0
2026-03-05T22:30:50.422903,RKLB,2026-03-05 21:00:00.011016+00:00,66.02,73.29,100.0,100.0
2026-03-05T22:31:20.511463,GLD,2026-03-05 21:00:28.584855+00:00,466.14,466.56,40.0,40.0
2026-03-05T22:31:20.511463,MSFT,2026-03-05 21:00:00.004230+00:00,383.89,424.68,40.0,40.0
2026-03-05T22:31:20.511463,RKLB,2026-03-05 21:00:00.011016+00:00,66.02,73.29,100.0,100.0
2026-03-05T22:31:50.603945,GLD,2026-03-05 21:00:28.584855+00:00,466.14,466.56,40.0,40.0
2026-03-05T22:31:50.603945,MSFT,2026-03-05 21:00:00.004230+00:00,383.89,424.68,40.0,40.0
2026-03-05T22:31:50.603945,RKLB,2026-03-05 21:00:00.011016+00:00,66.02,73.29,100.0,100.0
2026-03-05T22:32:20.690759,GLD,2026-03-05 21:00:28.584855+00:00,466.14,466.56,40.0,40.0
2026-03-05T22:32:20.690759,MSFT,2026-03-05 21:00:00.004230+00:00,383.89,424.68,40.0,40.0
2026-03-05T22:32:20.690759,RKLB,2026-03-05 21:00:00.011016+00:00,66.02,73.29,100.0,100.0
2026-03-05T22:32:50.779055,GLD,2026-03-05 21:00:28.584855+00:00,466.14,466.56,40.0,40.0
2026-03-05T22:32:50.779055,MSFT,2026-03-05 21:00:00.004230+00:00,383.89,424.68,40.0,40.0
2026-03-05T22:32:50.779055,RKLB,2026-03-05 21:00:00.011016+00:00,66.02,73.29,100.0,100.0
2026-03-05T22:33:20.868298,GLD,2026-03-05 21:00:28.584855+00:00,466.14,466.56,40.0,40.0
2026-03-05T22:33:20.869784,MSFT,2026-03-05 21:00:00.004230+00:00,383.89,424.68,40.0,40.0
2026-03-05T22:33:20.869784,RKLB,2026-03-05 21:00:00.011016+00:00,66.02,73.29,100.0,100.0
2026-03-05T22:33:50.959354,GLD,2026-03-05 21:00:28.584855+00:00,466.14,466.56,40.0,40.0
2026-03-05T22:33:50.959354,MSFT,2026-03-05 21:00:00.004230+00:00,383.89,424.68,40.0,40.0
2026-03-05T22:33:50.959354,RKLB,2026-03-05 21:00:00.011016+00:00,66.02,73.29,100.0,100.0
2026-03-05T22:34:21.063284,GLD,2026-03-05 21:00:28.584855+00:00,466.14,466.56,40.0,40.0
2026-03-05T22:34:21.063284,MSFT,2026-03-05 21:00:00.004230+00:00,383.89,424.68,40.0,40.0
2026-03-05T22:34:21.063284,RKLB,2026-03-05 21:00:00.011016+00:00,66.02,73.29,100.0,100.0
2026-03-05T22:34:51.151236,GLD,2026-03-05 21:00:28.584855+00:00,466.14,466.56,40.0,40.0
2026-03-05T22:34:51.151236,MSFT,2026-03-05 21:00:00.004230+00:00,383.89,424.68,40.0,40.0
2026-03-05T22:34:51.151236,RKLB,2026-03-05 21:00:00.011016+00:00,66.02,73.29,100.0,100.0
2026-03-05T22:35:21.236716,GLD,2026-03-05 21:00:28.584855+00:00,466.14,466.56,40.0,40.0
2026-03-05T22:35:21.236716,MSFT,2026-03-05 21:00:00.004230+00:00,383.89,424.68,40.0,40.0
2026-03-05T22:35:21.236716,RKLB,2026-03-05 21:00:00.011016+00:00,66.02,73.29,100.0,100.0
2026-03-05T22:35:51.321135,GLD,2026-03-05 21:00:28.584855+00:00,466.14,466.56,40.0,40.0
2026-03-05T22:35:51.321135,MSFT,2026-03-05 21:00:00.004230+00:00,383.89,424.68,40.0,40.0
2026-03-05T22:35:51.321135,RKLB,2026-03-05 21:00:00.011016+00:00,66.02,73.29,100.0,100.0
2026-03-05T22:36:21.407233,GLD,2026-03-05 21:00:28.584855+00:00,466.14,466.56,40.0,40.0
2026-03-05T22:36:21.407233,MSFT,2026-03-05 21:00:00.004230+00:00,383.89,424.68,40.0,40.0
2026-03-05T22:36:21.407233,RKLB,2026-03-05 21:00:00.011016+00:00,66.02,73.29,100.0,100.0
2026-03-05T22:36:51.492440,GLD,2026-03-05 21:00:28.584855+00:00,466.14,466.56,40.0,40.0
2026-03-05T22:36:51.492440,MSFT,2026-03-05 21:00:00.004230+00:00,383.89,424.68,40.0,40.0
2026-03-05T22:36:51.492440,RKLB,2026-03-05 21:00:00.011016+00:00,66.02,73.29,100.0,100.0
2026-03-05T22:37:21.587033,GLD,2026-03-05 21:00:28.584855+00:00,466.14,466.56,40.0,40.0
2026-03-05T22:37:21.587033,MSFT,2026-03-05 21:00:00.004230+00:00,383.89,424.68,40.0,40.0
2026-03-05T22:37:21.587033,RKLB,2026-03-05 21:00:00.011016+00:00,66.02,73.29,100.0,100.0
2026-03-05T22:37:51.674442,GLD,2026-03-05 21:00:28.584855+00:00,466.14,466.56,40.0,40.0
2026-03-05T22:37:51.674442,MSFT,2026-03-05 21:00:00.004230+00:00,383.89,424.68,40.0,40.0
2026-03-05T22:37:51.674442,RKLB,2026-03-05 21:00:00.011016+00:00,66.02,73.29,100.0,100.0
2026-03-05T22:38:21.762660,GLD,2026-03-05 21:00:28.584855+00:00,466.14,466.56,40.0,40.0
2026-03-05T22:38:21.763669,MSFT,2026-03-05 21:00:00.004230+00:00,383.89,424.68,40.0,40.0
2026-03-05T22:38:21.763669,RKLB,2026-03-05 21:00:00.011016+00:00,66.02,73.29,100.0,100.0
2026-03-05T22:38:51.846814,GLD,2026-03-05 21:00:28.584855+00:00,466.14,466.56,40.0,40.0
2026-03-05T22:38:51.846814,MSFT,2026-03-05 21:00:00.004230+00:00,383.89,424.68,40.0,40.0
2026-03-05T22:38:51.846814,RKLB,2026-03-05 21:00:00.011016+00:00,66.02,73.29,100.0,100.0
2026-03-05T22:39:21.939849,GLD,2026-03-05 21:00:28.584855+00:00,466.14,466.56,40.0,40.0
2026-03-05T22:39:21.939849,MSFT,2026-03-05 21:00:00.004230+00:00,383.89,424.68,40.0,40.0
2026-03-05T22:39:21.939849,RKLB,2026-03-05 21:00:00.011016+00:00,66.02,73.29,100.0,100.0
2026-03-05T22:39:52.025168,GLD,2026-03-05 21:00:28.584855+00:00,466.14,466.56,40.0,40.0
2026-03-05T22:39:52.025168,MSFT,2026-03-05 21:00:00.004230+00:00,383.89,424.68,40.0,40.0
2026-03-05T22:39:52.025168,RKLB,2026-03-05 21:00:00.011016+00:00,66.02,73.29,100.0,100.0
2026-03-05T22:40:22.110090,GLD,2026-03-05 21:00:28.584855+00:00,466.14,466.56,40.0,40.0
2026-03-05T22:40:22.110090,MSFT,2026-03-05 21:00:00.004230+00:00,383.89,424.68,40.0,40.0
2026-03-05T22:40:22.110090,RKLB,2026-03-05 21:00:00.011016+00:00,66.02,73.29,100.0,100.0
2026-03-05T22:40:52.191716,GLD,2026-03-05 21:00:28.584855+00:00,466.14,466.56,40.0,40.0
2026-03-05T22:40:52.191716,MSFT,2026-03-05 21:00:00.004230+00:00,383.89,424.68,40.0,40.0
2026-03-05T22:40:52.191716,RKLB,2026-03-05 21:00:00.011016+00:00,66.02,73.29,100.0,100.0
2026-03-05T22:41:22.278559,GLD,2026-03-05 21:00:28.584855+00:00,466.14,466.56,40.0,40.0
2026-03-05T22:41:22.278559,MSFT,2026-03-05 21:00:00.004230+00:00,383.89,424.68,40.0,40.0
2026-03-05T22:41:22.278559,RKLB,2026-03-05 21:00:00.011016+00:00,66.02,73.29,100.0,100.0
2026-03-05T22:41:52.365695,GLD,2026-03-05 21:00:28.584855+00:00,466.14,466.56,40.0,40.0
2026-03-05T22:41:52.365695,MSFT,2026-03-05 21:00:00.004230+00:00,383.89,424.68,40.0,40.0
2026-03-05T22:41:52.365695,RKLB,2026-03-05 21:00:00.011016+00:00,66.02,73.29,100.0,100.0
2026-03-05T22:42:22.447487,GLD,2026-03-05 21:00:28.584855+00:00,466.14,466.56,40.0,40.0
2026-03-05T22:42:22.447487,MSFT,2026-03-05 21:00:00.004230+00:00,383.89,424.68,40.0,40.0
2026-03-05T22:42:22.447487,RKLB,2026-03-05 21:00:00.011016+00:00,66.02,73.29,100.0,100.0
2026-03-05T22:42:52.532475,GLD,2026-03-05 21:00:28.584855+00:00,466.14,466.56,40.0,40.0
2026-03-05T22:42:52.532475,MSFT,2026-03-05 21:00:00.004230+00:00,383.89,424.68,40.0,40.0
2026-03-05T22:42:52.532475,RKLB,2026-03-05 21:00:00.011016+00:00,66.02,73.29,100.0,100.0
2026-03-05T22:43:22.623734,GLD,2026-03-05 21:00:28.584855+00:00,466.14,466.56,40.0,40.0
2026-03-05T22:43:22.623734,MSFT,2026-03-05 21:00:00.004230+00:00,383.89,424.68,40.0,40.0
2026-03-05T22:43:22.623734,RKLB,2026-03-05 21:00:00.011016+00:00,66.02,73.29,100.0,100.0
2026-03-05T22:43:52.705900,GLD,2026-03-05 21:00:28.584855+00:00,466.14,466.56,40.0,40.0
2026-03-05T22:43:52.705900,MSFT,2026-03-05 21:00:00.004230+00:00,383.89,424.68,40.0,40.0
2026-03-05T22:43:52.705900,RKLB,2026-03-05 21:00:00.011016+00:00,66.02,73.29,100.0,100.0
2026-03-05T22:44:22.790073,GLD,2026-03-05 21:00:28.584855+00:00,466.14,466.56,40.0,40.0
2026-03-05T22:44:22.790073,MSFT,2026-03-05 21:00:00.004230+00:00,383.89,424.68,40.0,40.0
2026-03-05T22:44:22.790073,RKLB,2026-03-05 21:00:00.011016+00:00,66.02,73.29,100.0,100.0
2026-03-05T22:44:52.885580,GLD,2026-03-05 21:00:28.584855+00:00,466.14,466.56,40.0,40.0
2026-03-05T22:44:52.885580,MSFT,2026-03-05 21:00:00.004230+00:00,383.89,424.68,40.0,40.0
2026-03-05T22:44:52.885580,RKLB,2026-03-05 21:00:00.011016+00:00,66.02,73.29,100.0,100.0
2026-03-05T22:45:22.969594,GLD,2026-03-05 21:00:28.584855+00:00,466.14,466.56,40.0,40.0
2026-03-05T22:45:22.969594,MSFT,2026-03-05 21:00:00.004230+00:00,383.89,424.68,40.0,40.0
2026-03-05T22:45:22.969594,RKLB,2026-03-05 21:00:00.011016+00:00,66.02,73.29,100.0,100.0
2026-03-05T22:46:07.713557,GLD,2026-03-05 21:00:28.584855+00:00,466.14,466.56,40.0,40.0
2026-03-05T22:46:07.713557,MSFT,2026-03-05 21:00:00.004230+00:00,383.89,424.68,40.0,40.0
2026-03-05T22:46:07.713557,RKLB,2026-03-05 21:00:00.011016+00:00,66.02,73.29,100.0,100.0
2026-03-05T22:46:37.796364,GLD,2026-03-05 21:00:28.584855+00:00,466.14,466.56,40.0,40.0
2026-03-05T22:46:37.796364,MSFT,2026-03-05 21:00:00.004230+00:00,383.89,424.68,40.0,40.0
2026-03-05T22:46:37.796364,RKLB,2026-03-05 21:00:00.011016+00:00,66.02,73.29,100.0,100.0
2026-03-05T22:47:07.888270,GLD,2026-03-05 21:00:28.584855+00:00,466.14,466.56,40.0,40.0
2026-03-05T22:47:07.888270,MSFT,2026-03-05 21:00:00.004230+00:00,383.89,424.68,40.0,40.0
2026-03-05T22:47:07.888270,RKLB,2026-03-05 21:00:00.011016+00:00,66.02,73.29,100.0,100.0
2026-03-05T22:47:37.975664,GLD,2026-03-05 21:00:28.584855+00:00,466.14,466.56,40.0,40.0
2026-03-05T22:47:37.975664,MSFT,2026-03-05 21:00:00.004230+00:00,383.89,424.68,40.0,40.0
2026-03-05T22:47:37.975664,RKLB,2026-03-05 21:00:00.011016+00:00,66.02,73.29,100.0,100.0
2026-03-05T22:48:03.016136,GLD,2026-03-05 21:00:28.584855+00:00,466.14,466.56,40.0,40.0
2026-03-05T22:48:03.016136,MSFT,2026-03-05 21:00:00.004230+00:00,383.89,424.68,40.0,40.0
2026-03-05T22:48:03.016136,RKLB,2026-03-05 21:00:00.011016+00:00,66.02,73.29,100.0,100.0
2026-03-05T22:48:13.107199,GLD,2026-03-05 21:00:28.584855+00:00,466.14,466.56,40.0,40.0
2026-03-05T22:48:13.107199,MSFT,2026-03-05 21:00:00.004230+00:00,383.89,424.68,40.0,40.0
2026-03-05T22:48:13.107199,RKLB,2026-03-05 21:00:00.011016+00:00,66.02,73.29,100.0,100.0
2026-03-05T22:48:23.194098,GLD,2026-03-05 21:00:28.584855+00:00,466.14,466.56,40.0,40.0
2026-03-05T22:48:23.194098,MSFT,2026-03-05 21:00:00.004230+00:00,383.89,424.68,40.0,40.0
2026-03-05T22:48:23.194098,RKLB,2026-03-05 21:00:00.011016+00:00,66.02,73.29,100.0,100.0
2026-03-05T22:48:33.280674,GLD,2026-03-05 21:00:28.584855+00:00,466.14,466.56,40.0,40.0
2026-03-05T22:48:33.280674,MSFT,2026-03-05 21:00:00.004230+00:00,383.89,424.68,40.0,40.0
2026-03-05T22:48:33.280674,RKLB,2026-03-05 21:00:00.011016+00:00,66.02,73.29,100.0,100.0
2026-03-05T22:48:43.365522,GLD,2026-03-05 21:00:28.584855+00:00,466.14,466.56,40.0,40.0
2026-03-05T22:48:43.365522,MSFT,2026-03-05 21:00:00.004230+00:00,383.89,424.68,40.0,40.0
2026-03-05T22:48:43.365522,RKLB,2026-03-05 21:00:00.011016+00:00,66.02,73.29,100.0,100.0
2026-03-05T22:48:53.449125,GLD,2026-03-05 21:00:28.584855+00:00,466.14,466.56,40.0,40.0
2026-03-05T22:48:53.449125,MSFT,2026-03-05 21:00:00.004230+00:00,383.89,424.68,40.0,40.0
2026-03-05T22:48:53.449125,RKLB,2026-03-05 21:00:00.011016+00:00,66.02,73.29,100.0,100.0
2026-03-05T22:49:03.546271,GLD,2026-03-05 21:00:28.584855+00:00,466.14,466.56,40.0,40.0
2026-03-05T22:49:03.546271,MSFT,2026-03-05 21:00:00.004230+00:00,383.89,424.68,40.0,40.0
2026-03-05T22:49:03.546271,RKLB,2026-03-05 21:00:00.011016+00:00,66.02,73.29,100.0,100.0
2026-03-05T22:49:13.635424,GLD,2026-03-05 21:00:28.584855+00:00,466.14,466.56,40.0,40.0
2026-03-05T22:49:13.635424,MSFT,2026-03-05 21:00:00.004230+00:00,383.89,424.68,40.0,40.0
2026-03-05T22:49:13.635424,RKLB,2026-03-05 21:00:00.011016+00:00,66.02,73.29,100.0,100.0
2026-03-05T22:49:23.727210,GLD,2026-03-05 21:00:28.584855+00:00,466.14,466.56,40.0,40.0
2026-03-05T22:49:23.727210,MSFT,2026-03-05 21:00:00.004230+00:00,383.89,424.68,40.0,40.0
2026-03-05T22:49:23.727210,RKLB,2026-03-05 21:00:00.011016+00:00,66.02,73.29,100.0,100.0
2026-03-05T22:49:43.898470,GLD,2026-03-05 21:00:28.584855+00:00,466.14,466.56,40.0,40.0
2026-03-05T22:49:43.898470,MSFT,2026-03-05 21:00:00.004230+00:00,383.89,424.68,40.0,40.0
2026-03-05T22:49:43.898470,RKLB,2026-03-05 21:00:00.011016+00:00,66.02,73.29,100.0,100.0
2026-03-05T22:49:53.987639,GLD,2026-03-05 21:00:28.584855+00:00,466.14,466.56,40.0,40.0
2026-03-05T22:49:53.987639,MSFT,2026-03-05 21:00:00.004230+00:00,383.89,424.68,40.0,40.0
2026-03-05T22:49:53.987639,RKLB,2026-03-05 21:00:00.011016+00:00,66.02,73.29,100.0,100.0
2026-03-05T22:50:04.083282,GLD,2026-03-05 21:00:28.584855+00:00,466.14,466.56,40.0,40.0
2026-03-05T22:50:04.083282,MSFT,2026-03-05 21:00:00.004230+00:00,383.89,424.68,40.0,40.0
2026-03-05T22:50:04.083282,RKLB,2026-03-05 21:00:00.011016+00:00,66.02,73.29,100.0,100.0
2026-03-05T22:50:14.179842,GLD,2026-03-05 21:00:28.584855+00:00,466.14,466.56,40.0,40.0
2026-03-05T22:50:14.179842,MSFT,2026-03-05 21:00:00.004230+00:00,383.89,424.68,40.0,40.0
2026-03-05T22:50:14.179842,RKLB,2026-03-05 21:00:00.011016+00:00,66.02,73.29,100.0,100.0
2026-03-05T22:50:24.280082,GLD,2026-03-05 21:00:28.584855+00:00,466.14,466.56,40.0,40.0
2026-03-05T22:50:24.280082,MSFT,2026-03-05 21:00:00.004230+00:00,383.89,424.68,40.0,40.0
2026-03-05T22:50:24.280082,RKLB,2026-03-05 21:00:00.011016+00:00,66.02,73.29,100.0,100.0
2026-03-05T22:50:34.383962,GLD,2026-03-05 21:00:28.584855+00:00,466.14,466.56,40.0,40.0
2026-03-05T22:50:34.383962,MSFT,2026-03-05 21:00:00.004230+00:00,383.89,424.68,40.0,40.0
2026-03-05T22:50:34.383962,RKLB,2026-03-05 21:00:00.011016+00:00,66.02,73.29,100.0,100.0
2026-03-05T22:50:44.468958,GLD,2026-03-05 21:00:28.584855+00:00,466.14,466.56,40.0,40.0
2026-03-05T22:50:44.468958,MSFT,2026-03-05 21:00:00.004230+00:00,383.89,424.68,40.0,40.0
2026-03-05T22:50:44.468958,RKLB,2026-03-05 21:00:00.011016+00:00,66.02,73.29,100.0,100.0
2026-03-05T22:50:54.564651,GLD,2026-03-05 21:00:28.584855+00:00,466.14,466.56,40.0,40.0
2026-03-05T22:50:54.564651,MSFT,2026-03-05 21:00:00.004230+00:00,383.89,424.68,40.0,40.0
2026-03-05T22:50:54.564651,RKLB,2026-03-05 21:00:00.011016+00:00,66.02,73.29,100.0,100.0
2026-03-05T22:51:04.661598,GLD,2026-03-05 21:00:28.584855+00:00,466.14,466.56,40.0,40.0
2026-03-05T22:51:04.661598,MSFT,2026-03-05 21:00:00.004230+00:00,383.89,424.68,40.0,40.0
2026-03-05T22:51:04.661598,RKLB,2026-03-05 21:00:00.011016+00:00,66.02,73.29,100.0,100.0
2026-03-05T22:51:14.753562,GLD,2026-03-05 21:00:28.584855+00:00,466.14,466.56,40.0,40.0
2026-03-05T22:51:14.753562,MSFT,2026-03-05 21:00:00.004230+00:00,383.89,424.68,40.0,40.0
2026-03-05T22:51:14.753562,RKLB,2026-03-05 21:00:00.011016+00:00,66.02,73.29,100.0,100.0
2026-03-05T22:51:24.844546,GLD,2026-03-05 21:00:28.584855+00:00,466.14,466.56,40.0,40.0
2026-03-05T22:51:24.844546,MSFT,2026-03-05 21:00:00.004230+00:00,383.89,424.68,40.0,40.0
2026-03-05T22:51:24.844546,RKLB,2026-03-05 21:00:00.011016+00:00,66.02,73.29,100.0,100.0
2026-03-05T22:51:34.951414,GLD,2026-03-05 21:00:28.584855+00:00,466.14,466.56,40.0,40.0
2026-03-05T22:51:34.951414,MSFT,2026-03-05 21:00:00.004230+00:00,383.89,424.68,40.0,40.0
2026-03-05T22:51:34.951414,RKLB,2026-03-05 21:00:00.011016+00:00,66.02,73.29,100.0,100.0
2026-03-05T22:51:45.044401,GLD,2026-03-05 21:00:28.584855+00:00,466.14,466.56,40.0,40.0
2026-03-05T22:51:45.044401,MSFT,2026-03-05 21:00:00.004230+00:00,383.89,424.68,40.0,40.0
2026-03-05T22:51:45.044401,RKLB,2026-03-05 21:00:00.011016+00:00,66.02,73.29,100.0,100.0
2026-03-05T22:51:55.130345,GLD,2026-03-05 21:00:28.584855+00:00,466.14,466.56,40.0,40.0
2026-03-05T22:51:55.130345,MSFT,2026-03-05 21:00:00.004230+00:00,383.89,424.68,40.0,40.0
2026-03-05T22:51:55.130345,RKLB,2026-03-05 21:00:00.011016+00:00,66.02,73.29,100.0,100.0
2026-03-05T22:52:05.219718,GLD,2026-03-05 21:00:28.584855+00:00,466.14,466.56,40.0,40.0
2026-03-05T22:52:05.219718,MSFT,2026-03-05 21:00:00.004230+00:00,383.89,424.68,40.0,40.0
2026-03-05T22:52:05.219718,RKLB,2026-03-05 21:00:00.011016+00:00,66.02,73.29,100.0,100.0
2026-03-05T22:52:15.307614,GLD,2026-03-05 21:00:28.584855+00:00,466.14,466.56,40.0,40.0
2026-03-05T22:52:15.307614,MSFT,2026-03-05 21:00:00.004230+00:00,383.89,424.68,40.0,40.0
2026-03-05T22:52:15.307614,RKLB,2026-03-05 21:00:00.011016+00:00,66.02,73.29,100.0,100.0
2026-03-05T22:52:25.398295,GLD,2026-03-05 21:00:28.584855+00:00,466.14,466.56,40.0,40.0
2026-03-05T22:52:25.398295,MSFT,2026-03-05 21:00:00.004230+00:00,383.89,424.68,40.0,40.0
2026-03-05T22:52:25.398295,RKLB,2026-03-05 21:00:00.011016+00:00,66.02,73.29,100.0,100.0
2026-03-05T22:52:35.489909,GLD,2026-03-05 21:00:28.584855+00:00,466.14,466.56,40.0,40.0
2026-03-05T22:52:35.489909,MSFT,2026-03-05 21:00:00.004230+00:00,383.89,424.68,40.0,40.0
2026-03-05T22:52:35.489909,RKLB,2026-03-05 21:00:00.011016+00:00,66.02,73.29,100.0,100.0
2026-03-05T22:52:45.575672,GLD,2026-03-05 21:00:28.584855+00:00,466.14,466.56,40.0,40.0
2026-03-05T22:52:45.575672,MSFT,2026-03-05 21:00:00.004230+00:00,383.89,424.68,40.0,40.0
2026-03-05T22:52:45.575672,RKLB,2026-03-05 21:00:00.011016+00:00,66.02,73.29,100.0,100.0
2026-03-05T22:52:55.676296,GLD,2026-03-05 21:00:28.584855+00:00,466.14,466.56,40.0,40.0
2026-03-05T22:52:55.676296,MSFT,2026-03-05 21:00:00.004230+00:00,383.89,424.68,40.0,40.0
2026-03-05T22:52:55.676296,RKLB,2026-03-05 21:00:00.011016+00:00,66.02,73.29,100.0,100.0
2026-03-05T22:53:05.762646,GLD,2026-03-05 21:00:28.584855+00:00,466.14,466.56,40.0,40.0
2026-03-05T22:53:05.762646,MSFT,2026-03-05 21:00:00.004230+00:00,383.89,424.68,40.0,40.0
2026-03-05T22:53:05.762646,RKLB,2026-03-05 21:00:00.011016+00:00,66.02,73.29,100.0,100.0
2026-03-05T22:53:15.849967,GLD,2026-03-05 21:00:28.584855+00:00,466.14,466.56,40.0,40.0
2026-03-05T22:53:15.849967,MSFT,2026-03-05 21:00:00.004230+00:00,383.89,424.68,40.0,40.0
2026-03-05T22:53:15.849967,RKLB,2026-03-05 21:00:00.011016+00:00,66.02,73.29,100.0,100.0
2026-03-05T22:53:25.935895,GLD,2026-03-05 21:00:28.584855+00:00,466.14,466.56,40.0,40.0
2026-03-05T22:53:25.935895,MSFT,2026-03-05 21:00:00.004230+00:00,383.89,424.68,40.0,40.0
2026-03-05T22:53:25.935895,RKLB,2026-03-05 21:00:00.011016+00:00,66.02,73.29,100.0,100.0
2026-03-05T22:53:36.023264,GLD,2026-03-05 21:00:28.584855+00:00,466.14,466.56,40.0,40.0
2026-03-05T22:53:36.023264,MSFT,2026-03-05 21:00:00.004230+00:00,383.89,424.68,40.0,40.0
2026-03-05T22:53:36.023264,RKLB,2026-03-05 21:00:00.011016+00:00,66.02,73.29,100.0,100.0
2026-03-05T22:53:46.109537,GLD,2026-03-05 21:00:28.584855+00:00,466.14,466.56,40.0,40.0
2026-03-05T22:53:46.109537,MSFT,2026-03-05 21:00:00.004230+00:00,383.89,424.68,40.0,40.0
2026-03-05T22:53:46.109537,RKLB,2026-03-05 21:00:00.011016+00:00,66.02,73.29,100.0,100.0
2026-03-05T22:53:56.193193,GLD,2026-03-05 21:00:28.584855+00:00,466.14,466.56,40.0,40.0
2026-03-05T22:53:56.193193,MSFT,2026-03-05 21:00:00.004230+00:00,383.89,424.68,40.0,40.0
2026-03-05T22:53:56.193193,RKLB,2026-03-05 21:00:00.011016+00:00,66.02,73.29,100.0,100.0
2026-03-05T22:54:06.286074,GLD,2026-03-05 21:00:28.584855+00:00,466.14,466.56,40.0,40.0
2026-03-05T22:54:06.286074,MSFT,2026-03-05 21:00:00.004230+00:00,383.89,424.68,40.0,40.0
2026-03-05T22:54:06.286074,RKLB,2026-03-05 21:00:00.011016+00:00,66.02,73.29,100.0,100.0
2026-03-05T22:54:16.370406,GLD,2026-03-05 21:00:28.584855+00:00,466.14,466.56,40.0,40.0
2026-03-05T22:54:16.370406,MSFT,2026-03-05 21:00:00.004230+00:00,383.89,424.68,40.0,40.0
2026-03-05T22:54:16.370406,RKLB,2026-03-05 21:00:00.011016+00:00,66.02,73.29,100.0,100.0
2026-03-05T22:54:26.456955,GLD,2026-03-05 21:00:28.584855+00:00,466.14,466.56,40.0,40.0
2026-03-05T22:54:26.456955,MSFT,2026-03-05 21:00:00.004230+00:00,383.89,424.68,40.0,40.0
2026-03-05T22:54:26.456955,RKLB,2026-03-05 21:00:00.011016+00:00,66.02,73.29,100.0,100.0
2026-03-05T22:54:36.544313,GLD,2026-03-05 21:00:28.584855+00:00,466.14,466.56,40.0,40.0
2026-03-05T22:54:36.544313,MSFT,2026-03-05 21:00:00.004230+00:00,383.89,424.68,40.0,40.0
2026-03-05T22:54:36.544313,RKLB,2026-03-05 21:00:00.011016+00:00,66.02,73.29,100.0,100.0
2026-03-05T22:54:46.630999,GLD,2026-03-05 21:00:28.584855+00:00,466.14,466.56,40.0,40.0
2026-03-05T22:54:46.630999,MSFT,2026-03-05 21:00:00.004230+00:00,383.89,424.68,40.0,40.0
2026-03-05T22:54:46.630999,RKLB,2026-03-05 21:00:00.011016+00:00,66.02,73.29,100.0,100.0
2026-03-05T22:54:56.714443,GLD,2026-03-05 21:00:28.584855+00:00,466.14,466.56,40.0,40.0
2026-03-05T22:54:56.714443,MSFT,2026-03-05 21:00:00.004230+00:00,383.89,424.68,40.0,40.0
2026-03-05T22:54:56.714443,RKLB,2026-03-05 21:00:00.011016+00:00,66.02,73.29,100.0,100.0
2026-03-05T22:55:06.796639,GLD,2026-03-05 21:00:28.584855+00:00,466.14,466.56,40.0,40.0
2026-03-05T22:55:06.796639,MSFT,2026-03-05 21:00:00.004230+00:00,383.89,424.68,40.0,40.0
2026-03-05T22:55:06.796639,RKLB,2026-03-05 21:00:00.011016+00:00,66.02,73.29,100.0,100.0
2026-03-05T22:55:16.880845,GLD,2026-03-05 21:00:28.584855+00:00,466.14,466.56,40.0,40.0
2026-03-05T22:55:16.880845,MSFT,2026-03-05 21:00:00.004230+00:00,383.89,424.68,40.0,40.0
2026-03-05T22:55:16.880845,RKLB,2026-03-05 21:00:00.011016+00:00,66.02,73.29,100.0,100.0
2026-03-05T22:55:26.969457,GLD,2026-03-05 21:00:28.584855+00:00,466.14,466.56,40.0,40.0
2026-03-05T22:55:26.969457,MSFT,2026-03-05 21:00:00.004230+00:00,383.89,424.68,40.0,40.0
2026-03-05T22:55:26.969457,RKLB,2026-03-05 21:00:00.011016+00:00,66.02,73.29,100.0,100.0
2026-03-05T22:55:37.099351,GLD,2026-03-05 21:00:28.584855+00:00,466.14,466.56,40.0,40.0
2026-03-05T22:55:37.099351,MSFT,2026-03-05 21:00:00.004230+00:00,383.89,424.68,40.0,40.0
2026-03-05T22:55:37.099351,RKLB,2026-03-05 21:00:00.011016+00:00,66.02,73.29,100.0,100.0
2026-03-05T22:55:47.186331,GLD,2026-03-05 21:00:28.584855+00:00,466.14,466.56,40.0,40.0
2026-03-05T22:55:47.186331,MSFT,2026-03-05 21:00:00.004230+00:00,383.89,424.68,40.0,40.0
2026-03-05T22:55:47.186331,RKLB,2026-03-05 21:00:00.011016+00:00,66.02,73.29,100.0,100.0
2026-03-05T22:55:57.303990,GLD,2026-03-05 21:00:28.584855+00:00,466.14,466.56,40.0,40.0
2026-03-05T22:55:57.303990,MSFT,2026-03-05 21:00:00.004230+00:00,383.89,424.68,40.0,40.0
2026-03-05T22:55:57.303990,RKLB,2026-03-05 21:00:00.011016+00:00,66.02,73.29,100.0,100.0
2026-03-05T22:56:07.392448,GLD,2026-03-05 21:00:28.584855+00:00,466.14,466.56,40.0,40.0
2026-03-05T22:56:07.392448,MSFT,2026-03-05 21:00:00.004230+00:00,383.89,424.68,40.0,40.0
2026-03-05T22:56:07.392448,RKLB,2026-03-05 21:00:00.011016+00:00,66.02,73.29,100.0,100.0
2026-03-05T22:56:17.476771,GLD,2026-03-05 21:00:28.584855+00:00,466.14,466.56,40.0,40.0
2026-03-05T22:56:17.476771,MSFT,2026-03-05 21:00:00.004230+00:00,383.89,424.68,40.0,40.0
2026-03-05T22:56:17.476771,RKLB,2026-03-05 21:00:00.011016+00:00,66.02,73.29,100.0,100.0
2026-03-05T22:56:27.561318,GLD,2026-03-05 21:00:28.584855+00:00,466.14,466.56,40.0,40.0
2026-03-05T22:56:27.561318,MSFT,2026-03-05 21:00:00.004230+00:00,383.89,424.68,40.0,40.0
2026-03-05T22:56:27.561318,RKLB,2026-03-05 21:00:00.011016+00:00,66.02,73.29,100.0,100.0
2026-03-05T22:56:37.643750,GLD,2026-03-05 21:00:28.584855+00:00,466.14,466.56,40.0,40.0
2026-03-05T22:56:37.643750,MSFT,2026-03-05 21:00:00.004230+00:00,383.89,424.68,40.0,40.0
2026-03-05T22:56:37.643750,RKLB,2026-03-05 21:00:00.011016+00:00,66.02,73.29,100.0,100.0
2026-03-05T22:56:47.729208,GLD,2026-03-05 21:00:28.584855+00:00,466.14,466.56,40.0,40.0
2026-03-05T22:56:47.729208,MSFT,2026-03-05 21:00:00.004230+00:00,383.89,424.68,40.0,40.0
2026-03-05T22:56:47.729208,RKLB,2026-03-05 21:00:00.011016+00:00,66.02,73.29,100.0,100.0
2026-03-05T22:56:57.813275,GLD,2026-03-05 21:00:28.584855+00:00,466.14,466.56,40.0,40.0
2026-03-05T22:56:57.813275,MSFT,2026-03-05 21:00:00.004230+00:00,383.89,424.68,40.0,40.0
2026-03-05T22:56:57.813275,RKLB,2026-03-05 21:00:00.011016+00:00,66.02,73.29,100.0,100.0
2026-03-05T22:57:07.924463,GLD,2026-03-05 21:00:28.584855+00:00,466.14,466.56,40.0,40.0
2026-03-05T22:57:07.924463,MSFT,2026-03-05 21:00:00.004230+00:00,383.89,424.68,40.0,40.0
2026-03-05T22:57:07.924463,RKLB,2026-03-05 21:00:00.011016+00:00,66.02,73.29,100.0,100.0
2026-03-05T22:57:18.009606,GLD,2026-03-05 21:00:28.584855+00:00,466.14,466.56,40.0,40.0
2026-03-05T22:57:18.009606,MSFT,2026-03-05 21:00:00.004230+00:00,383.89,424.68,40.0,40.0
2026-03-05T22:57:18.009606,RKLB,2026-03-05 21:00:00.011016+00:00,66.02,73.29,100.0,100.0
2026-03-05T22:57:28.115029,GLD,2026-03-05 21:00:28.584855+00:00,466.14,466.56,40.0,40.0
2026-03-05T22:57:28.116049,MSFT,2026-03-05 21:00:00.004230+00:00,383.89,424.68,40.0,40.0
2026-03-05T22:57:28.116049,RKLB,2026-03-05 21:00:00.011016+00:00,66.02,73.29,100.0,100.0
2026-03-05T22:57:38.227466,GLD,2026-03-05 21:00:28.584855+00:00,466.14,466.56,40.0,40.0
2026-03-05T22:57:38.227466,MSFT,2026-03-05 21:00:00.004230+00:00,383.89,424.68,40.0,40.0
2026-03-05T22:57:38.227466,RKLB,2026-03-05 21:00:00.011016+00:00,66.02,73.29,100.0,100.0
2026-03-05T22:57:48.311786,GLD,2026-03-05 21:00:28.584855+00:00,466.14,466.56,40.0,40.0
2026-03-05T22:57:48.311786,MSFT,2026-03-05 21:00:00.004230+00:00,383.89,424.68,40.0,40.0
2026-03-05T22:57:48.311786,RKLB,2026-03-05 21:00:00.011016+00:00,66.02,73.29,100.0,100.0
2026-03-05T22:57:58.400129,GLD,2026-03-05 21:00:28.584855+00:00,466.14,466.56,40.0,40.0
2026-03-05T22:57:58.400129,MSFT,2026-03-05 21:00:00.004230+00:00,383.89,424.68,40.0,40.0
2026-03-05T22:57:58.400129,RKLB,2026-03-05 21:00:00.011016+00:00,66.02,73.29,100.0,100.0
2026-03-05T22:58:08.489743,GLD,2026-03-05 21:00:28.584855+00:00,466.14,466.56,40.0,40.0
2026-03-05T22:58:08.489743,MSFT,2026-03-05 21:00:00.004230+00:00,383.89,424.68,40.0,40.0
2026-03-05T22:58:08.489743,RKLB,2026-03-05 21:00:00.011016+00:00,66.02,73.29,100.0,100.0
2026-03-05T22:58:18.574572,GLD,2026-03-05 21:00:28.584855+00:00,466.14,466.56,40.0,40.0
2026-03-05T22:58:18.574572,MSFT,2026-03-05 21:00:00.004230+00:00,383.89,424.68,40.0,40.0
2026-03-05T22:58:18.574572,RKLB,2026-03-05 21:00:00.011016+00:00,66.02,73.29,100.0,100.0
2026-03-05T22:58:28.659097,GLD,2026-03-05 21:00:28.584855+00:00,466.14,466.56,40.0,40.0
2026-03-05T22:58:28.659097,MSFT,2026-03-05 21:00:00.004230+00:00,383.89,424.68,40.0,40.0
2026-03-05T22:58:28.659097,RKLB,2026-03-05 21:00:00.011016+00:00,66.02,73.29,100.0,100.0
2026-03-05T22:58:38.753392,GLD,2026-03-05 21:00:28.584855+00:00,466.14,466.56,40.0,40.0
2026-03-05T22:58:38.753392,MSFT,2026-03-05 21:00:00.004230+00:00,383.89,424.68,40.0,40.0
2026-03-05T22:58:38.753392,RKLB,2026-03-05 21:00:00.011016+00:00,66.02,73.29,100.0,100.0
2026-03-05T22:58:48.844041,GLD,2026-03-05 21:00:28.584855+00:00,466.14,466.56,40.0,40.0
2026-03-05T22:58:48.844041,MSFT,2026-03-05 21:00:00.004230+00:00,383.89,424.68,40.0,40.0
2026-03-05T22:58:48.844041,RKLB,2026-03-05 21:00:00.011016+00:00,66.02,73.29,100.0,100.0
2026-03-05T22:58:58.930381,GLD,2026-03-05 21:00:28.584855+00:00,466.14,466.56,40.0,40.0
2026-03-05T22:58:58.930381,MSFT,2026-03-05 21:00:00.004230+00:00,383.89,424.68,40.0,40.0
2026-03-05T22:58:58.930381,RKLB,2026-03-05 21:00:00.011016+00:00,66.02,73.29,100.0,100.0
2026-03-05T22:59:09.041659,GLD,2026-03-05 21:00:28.584855+00:00,466.14,466.56,40.0,40.0
2026-03-05T22:59:09.041659,MSFT,2026-03-05 21:00:00.004230+00:00,383.89,424.68,40.0,40.0
2026-03-05T22:59:09.041659,RKLB,2026-03-05 21:00:00.011016+00:00,66.02,73.29,100.0,100.0
2026-03-05T22:59:19.125573,GLD,2026-03-05 21:00:28.584855+00:00,466.14,466.56,40.0,40.0
2026-03-05T22:59:19.125573,MSFT,2026-03-05 21:00:00.004230+00:00,383.89,424.68,40.0,40.0
2026-03-05T22:59:19.125573,RKLB,2026-03-05 21:00:00.011016+00:00,66.02,73.29,100.0,100.0
2026-03-05T22:59:29.215360,GLD,2026-03-05 21:00:28.584855+00:00,466.14,466.56,40.0,40.0
2026-03-05T22:59:29.215360,MSFT,2026-03-05 21:00:00.004230+00:00,383.89,424.68,40.0,40.0
2026-03-05T22:59:29.215360,RKLB,2026-03-05 21:00:00.011016+00:00,66.02,73.29,100.0,100.0
2026-03-05T22:59:39.303053,GLD,2026-03-05 21:00:28.584855+00:00,466.14,466.56,40.0,40.0
2026-03-05T22:59:39.303053,MSFT,2026-03-05 21:00:00.004230+00:00,383.89,424.68,40.0,40.0
2026-03-05T22:59:39.303053,RKLB,2026-03-05 21:00:00.011016+00:00,66.02,73.29,100.0,100.0
2026-03-05T22:59:49.390927,GLD,2026-03-05 21:00:28.584855+00:00,466.14,466.56,40.0,40.0
2026-03-05T22:59:49.390927,MSFT,2026-03-05 21:00:00.004230+00:00,383.89,424.68,40.0,40.0
2026-03-05T22:59:49.390927,RKLB,2026-03-05 21:00:00.011016+00:00,66.02,73.29,100.0,100.0
2026-03-05T22:59:59.479005,GLD,2026-03-05 21:00:28.584855+00:00,466.14,466.56,40.0,40.0
2026-03-05T22:59:59.479005,MSFT,2026-03-05 21:00:00.004230+00:00,383.89,424.68,40.0,40.0
2026-03-05T22:59:59.479005,RKLB,2026-03-05 21:00:00.011016+00:00,66.02,73.29,100.0,100.0
2026-03-05T23:00:09.565475,GLD,2026-03-05 21:00:28.584855+00:00,466.14,466.56,40.0,40.0
2026-03-05T23:00:09.565475,MSFT,2026-03-05 21:00:00.004230+00:00,383.89,424.68,40.0,40.0
2026-03-05T23:00:09.565475,RKLB,2026-03-05 21:00:00.011016+00:00,66.02,73.29,100.0,100.0
2026-03-05T23:00:19.654599,GLD,2026-03-05 21:00:28.584855+00:00,466.14,466.56,40.0,40.0
2026-03-05T23:00:19.654599,MSFT,2026-03-05 21:00:00.004230+00:00,383.89,424.68,40.0,40.0
2026-03-05T23:00:19.654599,RKLB,2026-03-05 21:00:00.011016+00:00,66.02,73.29,100.0,100.0
2026-03-05T23:00:29.738574,GLD,2026-03-05 21:00:28.584855+00:00,466.14,466.56,40.0,40.0
2026-03-05T23:00:29.738574,MSFT,2026-03-05 21:00:00.004230+00:00,383.89,424.68,40.0,40.0
2026-03-05T23:00:29.738574,RKLB,2026-03-05 21:00:00.011016+00:00,66.02,73.29,100.0,100.0
2026-03-05T23:00:39.826319,GLD,2026-03-05 21:00:28.584855+00:00,466.14,466.56,40.0,40.0
2026-03-05T23:00:39.826319,MSFT,2026-03-05 21:00:00.004230+00:00,383.89,424.68,40.0,40.0
2026-03-05T23:00:39.826319,RKLB,2026-03-05 21:00:00.011016+00:00,66.02,73.29,100.0,100.0
2026-03-05T23:00:49.913343,GLD,2026-03-05 21:00:28.584855+00:00,466.14,466.56,40.0,40.0
2026-03-05T23:00:49.913343,MSFT,2026-03-05 21:00:00.004230+00:00,383.89,424.68,40.0,40.0
2026-03-05T23:00:49.913343,RKLB,2026-03-05 21:00:00.011016+00:00,66.02,73.29,100.0,100.0
2026-03-05T23:00:59.996490,GLD,2026-03-05 21:00:28.584855+00:00,466.14,466.56,40.0,40.0
2026-03-05T23:00:59.996490,MSFT,2026-03-05 21:00:00.004230+00:00,383.89,424.68,40.0,40.0
2026-03-05T23:00:59.996490,RKLB,2026-03-05 21:00:00.011016+00:00,66.02,73.29,100.0,100.0
2026-03-05T23:01:10.091361,GLD,2026-03-05 21:00:28.584855+00:00,466.14,466.56,40.0,40.0
2026-03-05T23:01:10.091361,MSFT,2026-03-05 21:00:00.004230+00:00,383.89,424.68,40.0,40.0
2026-03-05T23:01:10.091361,RKLB,2026-03-05 21:00:00.011016+00:00,66.02,73.29,100.0,100.0
2026-03-05T23:01:20.182137,GLD,2026-03-05 21:00:28.584855+00:00,466.14,466.56,40.0,40.0
2026-03-05T23:01:20.182137,MSFT,2026-03-05 21:00:00.004230+00:00,383.89,424.68,40.0,40.0
2026-03-05T23:01:20.182137,RKLB,2026-03-05 21:00:00.011016+00:00,66.02,73.29,100.0,100.0
2026-03-05T23:01:30.270044,GLD,2026-03-05 21:00:28.584855+00:00,466.14,466.56,40.0,40.0
2026-03-05T23:01:30.270044,MSFT,2026-03-05 21:00:00.004230+00:00,383.89,424.68,40.0,40.0
2026-03-05T23:01:30.270044,RKLB,2026-03-05 21:00:00.011016+00:00,66.02,73.29,100.0,100.0
2026-03-05T23:01:40.356053,GLD,2026-03-05 21:00:28.584855+00:00,466.14,466.56,40.0,40.0
2026-03-05T23:01:40.356053,MSFT,2026-03-05 21:00:00.004230+00:00,383.89,424.68,40.0,40.0
2026-03-05T23:01:40.356053,RKLB,2026-03-05 21:00:00.011016+00:00,66.02,73.29,100.0,100.0
2026-03-05T23:01:50.445183,GLD,2026-03-05 21:00:28.584855+00:00,466.14,466.56,40.0,40.0
2026-03-05T23:01:50.445183,MSFT,2026-03-05 21:00:00.004230+00:00,383.89,424.68,40.0,40.0
2026-03-05T23:01:50.445183,RKLB,2026-03-05 21:00:00.011016+00:00,66.02,73.29,100.0,100.0
2026-03-05T23:02:00.532495,GLD,2026-03-05 21:00:28.584855+00:00,466.14,466.56,40.0,40.0
2026-03-05T23:02:00.532495,MSFT,2026-03-05 21:00:00.004230+00:00,383.89,424.68,40.0,40.0
2026-03-05T23:02:00.532495,RKLB,2026-03-05 21:00:00.011016+00:00,66.02,73.29,100.0,100.0
2026-03-05T23:02:10.618599,GLD,2026-03-05 21:00:28.584855+00:00,466.14,466.56,40.0,40.0
2026-03-05T23:02:10.618599,MSFT,2026-03-05 21:00:00.004230+00:00,383.89,424.68,40.0,40.0
2026-03-05T23:02:10.618599,RKLB,2026-03-05 21:00:00.011016+00:00,66.02,73.29,100.0,100.0
2026-03-05T23:02:20.704657,GLD,2026-03-05 21:00:28.584855+00:00,466.14,466.56,40.0,40.0
2026-03-05T23:02:20.704657,MSFT,2026-03-05 21:00:00.004230+00:00,383.89,424.68,40.0,40.0
2026-03-05T23:02:20.704657,RKLB,2026-03-05 21:00:00.011016+00:00,66.02,73.29,100.0,100.0
2026-03-05T23:02:30.789716,GLD,2026-03-05 21:00:28.584855+00:00,466.14,466.56,40.0,40.0
2026-03-05T23:02:30.789716,MSFT,2026-03-05 21:00:00.004230+00:00,383.89,424.68,40.0,40.0
2026-03-05T23:02:30.789716,RKLB,2026-03-05 21:00:00.011016+00:00,66.02,73.29,100.0,100.0
2026-03-05T23:02:40.879127,GLD,2026-03-05 21:00:28.584855+00:00,466.14,466.56,40.0,40.0
2026-03-05T23:02:40.880230,MSFT,2026-03-05 21:00:00.004230+00:00,383.89,424.68,40.0,40.0
2026-03-05T23:02:40.880230,RKLB,2026-03-05 21:00:00.011016+00:00,66.02,73.29,100.0,100.0
2026-03-05T23:02:50.965320,GLD,2026-03-05 21:00:28.584855+00:00,466.14,466.56,40.0,40.0
2026-03-05T23:02:50.966292,MSFT,2026-03-05 21:00:00.004230+00:00,383.89,424.68,40.0,40.0
2026-03-05T23:02:50.966292,RKLB,2026-03-05 21:00:00.011016+00:00,66.02,73.29,100.0,100.0
2026-03-05T23:03:01.052978,GLD,2026-03-05 21:00:28.584855+00:00,466.14,466.56,40.0,40.0
2026-03-05T23:03:01.054139,MSFT,2026-03-05 21:00:00.004230+00:00,383.89,424.68,40.0,40.0
2026-03-05T23:03:01.054139,RKLB,2026-03-05 21:00:00.011016+00:00,66.02,73.29,100.0,100.0
2026-03-05T23:03:11.144324,GLD,2026-03-05 21:00:28.584855+00:00,466.14,466.56,40.0,40.0
2026-03-05T23:03:11.144324,MSFT,2026-03-05 21:00:00.004230+00:00,383.89,424.68,40.0,40.0
2026-03-05T23:03:11.144324,RKLB,2026-03-05 21:00:00.011016+00:00,66.02,73.29,100.0,100.0
2026-03-05T23:03:21.232719,GLD,2026-03-05 21:00:28.584855+00:00,466.14,466.56,40.0,40.0
2026-03-05T23:03:21.232719,MSFT,2026-03-05 21:00:00.004230+00:00,383.89,424.68,40.0,40.0
2026-03-05T23:03:21.232719,RKLB,2026-03-05 21:00:00.011016+00:00,66.02,73.29,100.0,100.0
2026-03-05T23:03:31.321503,GLD,2026-03-05 21:00:28.584855+00:00,466.14,466.56,40.0,40.0
2026-03-05T23:03:31.321503,MSFT,2026-03-05 21:00:00.004230+00:00,383.89,424.68,40.0,40.0
2026-03-05T23:03:31.321503,RKLB,2026-03-05 21:00:00.011016+00:00,66.02,73.29,100.0,100.0
2026-03-05T23:03:41.410657,GLD,2026-03-05 21:00:28.584855+00:00,466.14,466.56,40.0,40.0
2026-03-05T23:03:41.410657,MSFT,2026-03-05 21:00:00.004230+00:00,383.89,424.68,40.0,40.0
2026-03-05T23:03:41.410657,RKLB,2026-03-05 21:00:00.011016+00:00,66.02,73.29,100.0,100.0
2026-03-05T23:03:51.501680,GLD,2026-03-05 21:00:28.584855+00:00,466.14,466.56,40.0,40.0
2026-03-05T23:03:51.501680,MSFT,2026-03-05 21:00:00.004230+00:00,383.89,424.68,40.0,40.0
2026-03-05T23:03:51.501680,RKLB,2026-03-05 21:00:00.011016+00:00,66.02,73.29,100.0,100.0
2026-03-05T23:04:01.588097,GLD,2026-03-05 21:00:28.584855+00:00,466.14,466.56,40.0,40.0
2026-03-05T23:04:01.588097,MSFT,2026-03-05 21:00:00.004230+00:00,383.89,424.68,40.0,40.0
2026-03-05T23:04:01.589116,RKLB,2026-03-05 21:00:00.011016+00:00,66.02,73.29,100.0,100.0
2026-03-05T23:04:11.673194,GLD,2026-03-05 21:00:28.584855+00:00,466.14,466.56,40.0,40.0
2026-03-05T23:04:11.673194,MSFT,2026-03-05 21:00:00.004230+00:00,383.89,424.68,40.0,40.0
2026-03-05T23:04:11.673194,RKLB,2026-03-05 21:00:00.011016+00:00,66.02,73.29,100.0,100.0
2026-03-05T23:04:21.770237,GLD,2026-03-05 21:00:28.584855+00:00,466.14,466.56,40.0,40.0
2026-03-05T23:04:21.770237,MSFT,2026-03-05 21:00:00.004230+00:00,383.89,424.68,40.0,40.0
2026-03-05T23:04:21.770237,RKLB,2026-03-05 21:00:00.011016+00:00,66.02,73.29,100.0,100.0
2026-03-05T23:04:31.857315,GLD,2026-03-05 21:00:28.584855+00:00,466.14,466.56,40.0,40.0
2026-03-05T23:04:31.857315,MSFT,2026-03-05 21:00:00.004230+00:00,383.89,424.68,40.0,40.0
2026-03-05T23:04:31.857315,RKLB,2026-03-05 21:00:00.011016+00:00,66.02,73.29,100.0,100.0
2026-03-05T23:04:41.943289,GLD,2026-03-05 21:00:28.584855+00:00,466.14,466.56,40.0,40.0
2026-03-05T23:04:41.943289,MSFT,2026-03-05 21:00:00.004230+00:00,383.89,424.68,40.0,40.0
2026-03-05T23:04:41.943289,RKLB,2026-03-05 21:00:00.011016+00:00,66.02,73.29,100.0,100.0
2026-03-05T23:04:52.032833,GLD,2026-03-05 21:00:28.584855+00:00,466.14,466.56,40.0,40.0
2026-03-05T23:04:52.032833,MSFT,2026-03-05 21:00:00.004230+00:00,383.89,424.68,40.0,40.0
2026-03-05T23:04:52.032833,RKLB,2026-03-05 21:00:00.011016+00:00,66.02,73.29,100.0,100.0
2026-03-05T23:05:02.119578,GLD,2026-03-05 21:00:28.584855+00:00,466.14,466.56,40.0,40.0
2026-03-05T23:05:02.119578,MSFT,2026-03-05 21:00:00.004230+00:00,383.89,424.68,40.0,40.0
2026-03-05T23:05:02.119578,RKLB,2026-03-05 21:00:00.011016+00:00,66.02,73.29,100.0,100.0
2026-03-05T23:05:12.206482,GLD,2026-03-05 21:00:28.584855+00:00,466.14,466.56,40.0,40.0
2026-03-05T23:05:12.206482,MSFT,2026-03-05 21:00:00.004230+00:00,383.89,424.68,40.0,40.0
2026-03-05T23:05:12.206482,RKLB,2026-03-05 21:00:00.011016+00:00,66.02,73.29,100.0,100.0
2026-03-05T23:05:22.298139,GLD,2026-03-05 21:00:28.584855+00:00,466.14,466.56,40.0,40.0
2026-03-05T23:05:22.298139,MSFT,2026-03-05 21:00:00.004230+00:00,383.89,424.68,40.0,40.0
2026-03-05T23:05:22.298139,RKLB,2026-03-05 21:00:00.011016+00:00,66.02,73.29,100.0,100.0
2026-03-05T23:05:32.391288,GLD,2026-03-05 21:00:28.584855+00:00,466.14,466.56,40.0,40.0
2026-03-05T23:05:32.391288,MSFT,2026-03-05 21:00:00.004230+00:00,383.89,424.68,40.0,40.0
2026-03-05T23:05:32.391288,RKLB,2026-03-05 21:00:00.011016+00:00,66.02,73.29,100.0,100.0
2026-03-05T23:05:42.478855,GLD,2026-03-05 21:00:28.584855+00:00,466.14,466.56,40.0,40.0
2026-03-05T23:05:42.478855,MSFT,2026-03-05 21:00:00.004230+00:00,383.89,424.68,40.0,40.0
2026-03-05T23:05:42.478855,RKLB,2026-03-05 21:00:00.011016+00:00,66.02,73.29,100.0,100.0
2026-03-05T23:05:52.565709,GLD,2026-03-05 21:00:28.584855+00:00,466.14,466.56,40.0,40.0
2026-03-05T23:05:52.565709,MSFT,2026-03-05 21:00:00.004230+00:00,383.89,424.68,40.0,40.0
2026-03-05T23:05:52.565709,RKLB,2026-03-05 21:00:00.011016+00:00,66.02,73.29,100.0,100.0
2026-03-05T23:06:02.667976,GLD,2026-03-05 21:00:28.584855+00:00,466.14,466.56,40.0,40.0
2026-03-05T23:06:02.667976,MSFT,2026-03-05 21:00:00.004230+00:00,383.89,424.68,40.0,40.0
2026-03-05T23:06:02.667976,RKLB,2026-03-05 21:00:00.011016+00:00,66.02,73.29,100.0,100.0
2026-03-05T23:06:12.759714,GLD,2026-03-05 21:00:28.584855+00:00,466.14,466.56,40.0,40.0
2026-03-05T23:06:12.759714,MSFT,2026-03-05 21:00:00.004230+00:00,383.89,424.68,40.0,40.0
2026-03-05T23:06:12.759714,RKLB,2026-03-05 21:00:00.011016+00:00,66.02,73.29,100.0,100.0
2026-03-05T23:06:22.845859,GLD,2026-03-05 21:00:28.584855+00:00,466.14,466.56,40.0,40.0
2026-03-05T23:06:22.845859,MSFT,2026-03-05 21:00:00.004230+00:00,383.89,424.68,40.0,40.0
2026-03-05T23:06:22.845859,RKLB,2026-03-05 21:00:00.011016+00:00,66.02,73.29,100.0,100.0
2026-03-05T23:06:32.939398,GLD,2026-03-05 21:00:28.584855+00:00,466.14,466.56,40.0,40.0
2026-03-05T23:06:32.939398,MSFT,2026-03-05 21:00:00.004230+00:00,383.89,424.68,40.0,40.0
2026-03-05T23:06:32.939398,RKLB,2026-03-05 21:00:00.011016+00:00,66.02,73.29,100.0,100.0
2026-03-05T23:06:43.096142,GLD,2026-03-05 21:00:28.584855+00:00,466.14,466.56,40.0,40.0
2026-03-05T23:06:43.096142,MSFT,2026-03-05 21:00:00.004230+00:00,383.89,424.68,40.0,40.0
2026-03-05T23:06:43.096142,RKLB,2026-03-05 21:00:00.011016+00:00,66.02,73.29,100.0,100.0
2026-03-05T23:06:53.191257,GLD,2026-03-05 21:00:28.584855+00:00,466.14,466.56,40.0,40.0
2026-03-05T23:06:53.191257,MSFT,2026-03-05 21:00:00.004230+00:00,383.89,424.68,40.0,40.0
2026-03-05T23:06:53.191257,RKLB,2026-03-05 21:00:00.011016+00:00,66.02,73.29,100.0,100.0
2026-03-05T23:07:03.277887,GLD,2026-03-05 21:00:28.584855+00:00,466.14,466.56,40.0,40.0
2026-03-05T23:07:03.277887,MSFT,2026-03-05 21:00:00.004230+00:00,383.89,424.68,40.0,40.0
2026-03-05T23:07:03.277887,RKLB,2026-03-05 21:00:00.011016+00:00,66.02,73.29,100.0,100.0
2026-03-05T23:07:13.364252,GLD,2026-03-05 21:00:28.584855+00:00,466.14,466.56,40.0,40.0
2026-03-05T23:07:13.364252,MSFT,2026-03-05 21:00:00.004230+00:00,383.89,424.68,40.0,40.0
2026-03-05T23:07:13.364252,RKLB,2026-03-05 21:00:00.011016+00:00,66.02,73.29,100.0,100.0
2026-03-05T23:07:23.454683,GLD,2026-03-05 21:00:28.584855+00:00,466.14,466.56,40.0,40.0
2026-03-05T23:07:23.454683,MSFT,2026-03-05 21:00:00.004230+00:00,383.89,424.68,40.0,40.0
2026-03-05T23:07:23.454683,RKLB,2026-03-05 21:00:00.011016+00:00,66.02,73.29,100.0,100.0
2026-03-05T23:07:33.540957,GLD,2026-03-05 21:00:28.584855+00:00,466.14,466.56,40.0,40.0
2026-03-05T23:07:33.540957,MSFT,2026-03-05 21:00:00.004230+00:00,383.89,424.68,40.0,40.0
2026-03-05T23:07:33.540957,RKLB,2026-03-05 21:00:00.011016+00:00,66.02,73.29,100.0,100.0
2026-03-05T23:07:43.632961,GLD,2026-03-05 21:00:28.584855+00:00,466.14,466.56,40.0,40.0
2026-03-05T23:07:43.632961,MSFT,2026-03-05 21:00:00.004230+00:00,383.89,424.68,40.0,40.0
2026-03-05T23:07:43.632961,RKLB,2026-03-05 21:00:00.011016+00:00,66.02,73.29,100.0,100.0
2026-03-05T23:07:53.719114,GLD,2026-03-05 21:00:28.584855+00:00,466.14,466.56,40.0,40.0
2026-03-05T23:07:53.719114,MSFT,2026-03-05 21:00:00.004230+00:00,383.89,424.68,40.0,40.0
2026-03-05T23:07:53.719114,RKLB,2026-03-05 21:00:00.011016+00:00,66.02,73.29,100.0,100.0
2026-03-05T23:08:03.809459,GLD,2026-03-05 21:00:28.584855+00:00,466.14,466.56,40.0,40.0
2026-03-05T23:08:03.809459,MSFT,2026-03-05 21:00:00.004230+00:00,383.89,424.68,40.0,40.0
2026-03-05T23:08:03.809459,RKLB,2026-03-05 21:00:00.011016+00:00,66.02,73.29,100.0,100.0
2026-03-05T23:08:13.896386,GLD,2026-03-05 21:00:28.584855+00:00,466.14,466.56,40.0,40.0
2026-03-05T23:08:13.896386,MSFT,2026-03-05 21:00:00.004230+00:00,383.89,424.68,40.0,40.0
2026-03-05T23:08:13.896386,RKLB,2026-03-05 21:00:00.011016+00:00,66.02,73.29,100.0,100.0
2026-03-05T23:08:23.992551,GLD,2026-03-05 21:00:28.584855+00:00,466.14,466.56,40.0,40.0
2026-03-05T23:08:23.992551,MSFT,2026-03-05 21:00:00.004230+00:00,383.89,424.68,40.0,40.0
2026-03-05T23:08:23.992551,RKLB,2026-03-05 21:00:00.011016+00:00,66.02,73.29,100.0,100.0
2026-03-05T23:08:34.081885,GLD,2026-03-05 21:00:28.584855+00:00,466.14,466.56,40.0,40.0
2026-03-05T23:08:34.081885,MSFT,2026-03-05 21:00:00.004230+00:00,383.89,424.68,40.0,40.0
2026-03-05T23:08:34.081885,RKLB,2026-03-05 21:00:00.011016+00:00,66.02,73.29,100.0,100.0
2026-03-05T23:08:44.166420,GLD,2026-03-05 21:00:28.584855+00:00,466.14,466.56,40.0,40.0
2026-03-05T23:08:44.166420,MSFT,2026-03-05 21:00:00.004230+00:00,383.89,424.68,40.0,40.0
2026-03-05T23:08:44.166420,RKLB,2026-03-05 21:00:00.011016+00:00,66.02,73.29,100.0,100.0
2026-03-05T23:08:54.254954,GLD,2026-03-05 21:00:28.584855+00:00,466.14,466.56,40.0,40.0
2026-03-05T23:08:54.254954,MSFT,2026-03-05 21:00:00.004230+00:00,383.89,424.68,40.0,40.0
2026-03-05T23:08:54.254954,RKLB,2026-03-05 21:00:00.011016+00:00,66.02,73.29,100.0,100.0
2026-03-05T23:09:04.341604,GLD,2026-03-05 21:00:28.584855+00:00,466.14,466.56,40.0,40.0
2026-03-05T23:09:04.341604,MSFT,2026-03-05 21:00:00.004230+00:00,383.89,424.68,40.0,40.0
2026-03-05T23:09:04.343045,RKLB,2026-03-05 21:00:00.011016+00:00,66.02,73.29,100.0,100.0
2026-03-05T23:09:14.426076,GLD,2026-03-05 21:00:28.584855+00:00,466.14,466.56,40.0,40.0
2026-03-05T23:09:14.426076,MSFT,2026-03-05 21:00:00.004230+00:00,383.89,424.68,40.0,40.0
2026-03-05T23:09:14.426076,RKLB,2026-03-05 21:00:00.011016+00:00,66.02,73.29,100.0,100.0
2026-03-05T23:09:24.513912,GLD,2026-03-05 21:00:28.584855+00:00,466.14,466.56,40.0,40.0
2026-03-05T23:09:24.513912,MSFT,2026-03-05 21:00:00.004230+00:00,383.89,424.68,40.0,40.0
2026-03-05T23:09:24.513912,RKLB,2026-03-05 21:00:00.011016+00:00,66.02,73.29,100.0,100.0
2026-03-05T23:09:34.599052,GLD,2026-03-05 21:00:28.584855+00:00,466.14,466.56,40.0,40.0
2026-03-05T23:09:34.599052,MSFT,2026-03-05 21:00:00.004230+00:00,383.89,424.68,40.0,40.0
2026-03-05T23:09:34.599052,RKLB,2026-03-05 21:00:00.011016+00:00,66.02,73.29,100.0,100.0
2026-03-05T23:09:44.695055,GLD,2026-03-05 21:00:28.584855+00:00,466.14,466.56,40.0,40.0
2026-03-05T23:09:44.695055,MSFT,2026-03-05 21:00:00.004230+00:00,383.89,424.68,40.0,40.0
2026-03-05T23:09:44.695055,RKLB,2026-03-05 21:00:00.011016+00:00,66.02,73.29,100.0,100.0
2026-03-05T23:09:54.778396,GLD,2026-03-05 21:00:28.584855+00:00,466.14,466.56,40.0,40.0
2026-03-05T23:09:54.778396,MSFT,2026-03-05 21:00:00.004230+00:00,383.89,424.68,40.0,40.0
2026-03-05T23:09:54.778396,RKLB,2026-03-05 21:00:00.011016+00:00,66.02,73.29,100.0,100.0
2026-03-05T23:10:04.869643,GLD,2026-03-05 21:00:28.584855+00:00,466.14,466.56,40.0,40.0
2026-03-05T23:10:04.869643,MSFT,2026-03-05 21:00:00.004230+00:00,383.89,424.68,40.0,40.0
2026-03-05T23:10:04.870782,RKLB,2026-03-05 21:00:00.011016+00:00,66.02,73.29,100.0,100.0
2026-03-05T23:10:14.961753,GLD,2026-03-05 21:00:28.584855+00:00,466.14,466.56,40.0,40.0
2026-03-05T23:10:14.961753,MSFT,2026-03-05 21:00:00.004230+00:00,383.89,424.68,40.0,40.0
2026-03-05T23:10:14.961753,RKLB,2026-03-05 21:00:00.011016+00:00,66.02,73.29,100.0,100.0
2026-03-05T23:10:25.050469,GLD,2026-03-05 21:00:28.584855+00:00,466.14,466.56,40.0,40.0
2026-03-05T23:10:25.050469,MSFT,2026-03-05 21:00:00.004230+00:00,383.89,424.68,40.0,40.0
2026-03-05T23:10:25.050469,RKLB,2026-03-05 21:00:00.011016+00:00,66.02,73.29,100.0,100.0
2026-03-05T23:10:35.149183,GLD,2026-03-05 21:00:28.584855+00:00,466.14,466.56,40.0,40.0
2026-03-05T23:10:35.149183,MSFT,2026-03-05 21:00:00.004230+00:00,383.89,424.68,40.0,40.0
2026-03-05T23:10:35.149183,RKLB,2026-03-05 21:00:00.011016+00:00,66.02,73.29,100.0,100.0
2026-03-05T23:10:45.237144,GLD,2026-03-05 21:00:28.584855+00:00,466.14,466.56,40.0,40.0
2026-03-05T23:10:45.237144,MSFT,2026-03-05 21:00:00.004230+00:00,383.89,424.68,40.0,40.0
2026-03-05T23:10:45.237144,RKLB,2026-03-05 21:00:00.011016+00:00,66.02,73.29,100.0,100.0
